"symbol","trade_id","price","quantity","buyer_order_id","seller_order_id","is_buyer_market_maker","timestamp"
"XRPUSDT",1.273371497E9,3.1353,1.7,,,false,"2025-07-30T16:51:41.339000Z"
"XRPUSDT",1.273371498E9,3.1353,2.0,,,false,"2025-07-30T16:51:41.339000Z"
"XRPUSDT",1.273371499E9,3.1353,2.0,,,false,"2025-07-30T16:51:41.339000Z"
"XRPUSDT",1.2733715E9,3.1353,2.0,,,false,"2025-07-30T16:51:41.339000Z"
"XRPUSDT",1.273371501E9,3.1353,1.6,,,false,"2025-07-30T16:51:41.339000Z"
"XRPUSDT",1.273371502E9,3.1353,2.0,,,false,"2025-07-30T16:51:41.339000Z"
"XRPUSDT",1.273371503E9,3.1353,20.6,,,false,"2025-07-30T16:51:41.339000Z"
"XRPUSDT",1.273371504E9,3.1353,1.5,,,false,"2025-07-30T16:51:41.393000Z"
"XRPUSDT",1.273371505E9,3.1352,1.8,,,true,"2025-07-30T16:51:41.537000Z"
"XRPUSDT",1.273371506E9,3.1352,1.6,,,true,"2025-07-30T16:51:41.537000Z"
"XRPUSDT",1.273371507E9,3.1352,0.4,,,true,"2025-07-30T16:51:41.537000Z"
"XRPUSDT",1.273371508E9,3.1353,13.5,,,false,"2025-07-30T16:51:41.610000Z"
"XRPUSDT",1.273371509E9,3.1353,31.9,,,false,"2025-07-30T16:51:41.610000Z"
"XRPUSDT",1.27337151E9,3.1353,47.7,,,false,"2025-07-30T16:51:42.201000Z"
"XRPUSDT",1.273371511E9,3.1353,352.3,,,false,"2025-07-30T16:51:42.201000Z"
"XRPUSDT",1.273371512E9,3.1353,31.9,,,false,"2025-07-30T16:51:42.201000Z"
"XRPUSDT",1.273371513E9,3.1353,31.9,,,false,"2025-07-30T16:51:42.201000Z"
"XRPUSDT",1.273371514E9,3.1353,200.0,,,false,"2025-07-30T16:51:42.202000Z"
"XRPUSDT",1.273371515E9,3.1353,333.4,,,false,"2025-07-30T16:51:42.202000Z"
"XRPUSDT",1.273371516E9,3.1353,1862.0,,,false,"2025-07-30T16:51:42.202000Z"
"XRPUSDT",1.273371517E9,3.1353,31.9,,,false,"2025-07-30T16:51:42.202000Z"
"XRPUSDT",1.273371518E9,3.1353,63.8,,,false,"2025-07-30T16:51:42.202000Z"
"XRPUSDT",1.273371519E9,3.1353,31.9,,,false,"2025-07-30T16:51:42.202000Z"
"XRPUSDT",1.27337152E9,3.1353,788.4,,,false,"2025-07-30T16:51:42.202000Z"
"XRPUSDT",1.273371521E9,3.1353,2.0,,,false,"2025-07-30T16:51:42.202000Z"
"XRPUSDT",1.273371522E9,3.1353,1.7,,,false,"2025-07-30T16:51:42.202000Z"
"XRPUSDT",1.273371523E9,3.1353,1.6,,,false,"2025-07-30T16:51:42.202000Z"
"XRPUSDT",1.273371524E9,3.1353,2.0,,,false,"2025-07-30T16:51:42.202000Z"
"XRPUSDT",1.273371525E9,3.1353,2.0,,,false,"2025-07-30T16:51:42.202000Z"
"XRPUSDT",1.273371526E9,3.1353,2.0,,,false,"2025-07-30T16:51:42.202000Z"
"XRPUSDT",1.273371527E9,3.1354,1.6,,,false,"2025-07-30T16:51:42.202000Z"
"XRPUSDT",1.273371528E9,3.1354,62.2,,,false,"2025-07-30T16:51:42.202000Z"
"XRPUSDT",1.273371529E9,3.1354,31.9,,,false,"2025-07-30T16:51:42.202000Z"
"XRPUSDT",1.27337153E9,3.1354,25.5,,,false,"2025-07-30T16:51:42.202000Z"
"XRPUSDT",1.273371531E9,3.1354,25.5,,,false,"2025-07-30T16:51:42.202000Z"
"XRPUSDT",1.273371532E9,3.1354,20.9,,,false,"2025-07-30T16:51:42.202000Z"
"XRPUSDT",1.273371533E9,3.1354,2.0,,,false,"2025-07-30T16:51:42.202000Z"
"XRPUSDT",1.273371534E9,3.1354,2.0,,,false,"2025-07-30T16:51:42.202000Z"
"XRPUSDT",1.273371535E9,3.1354,1.7,,,false,"2025-07-30T16:51:42.202000Z"
"XRPUSDT",1.273371536E9,3.1354,2.0,,,false,"2025-07-30T16:51:42.202000Z"
"XRPUSDT",1.273371537E9,3.1355,1.6,,,false,"2025-07-30T16:51:42.202000Z"
"XRPUSDT",1.273371538E9,3.1355,1.7,,,false,"2025-07-30T16:51:42.202000Z"
"XRPUSDT",1.273371539E9,3.1355,0.3,,,false,"2025-07-30T16:51:42.202000Z"
"XRPUSDT",1.27337154E9,3.1355,2.0,,,false,"2025-07-30T16:51:42.202000Z"
"XRPUSDT",1.273371541E9,3.1355,1.7,,,false,"2025-07-30T16:51:42.202000Z"
"XRPUSDT",1.273371542E9,3.1355,1.7,,,false,"2025-07-30T16:51:42.202000Z"
"XRPUSDT",1.273371543E9,3.1355,2.0,,,false,"2025-07-30T16:51:42.202000Z"
"XRPUSDT",1.273371544E9,3.1355,24.2,,,false,"2025-07-30T16:51:42.202000Z"
"XRPUSDT",1.273371545E9,3.1356,1.6,,,false,"2025-07-30T16:51:42.202000Z"
"XRPUSDT",1.273371546E9,3.1356,23.9,,,false,"2025-07-30T16:51:42.202000Z"
"XRPUSDT",1.273371547E9,3.1356,32.6,,,false,"2025-07-30T16:51:42.202000Z"
"XRPUSDT",1.273371548E9,3.1356,63.8,,,false,"2025-07-30T16:51:42.202000Z"
"XRPUSDT",1.273371549E9,3.1356,2.0,,,false,"2025-07-30T16:51:42.218000Z"
"XRPUSDT",1.27337155E9,3.1356,1.7,,,false,"2025-07-30T16:51:42.218000Z"
"XRPUSDT",1.273371551E9,3.1356,3.3,,,false,"2025-07-30T16:51:42.218000Z"
"XRPUSDT",1.273371552E9,3.1356,2.0,,,false,"2025-07-30T16:51:42.218000Z"
"XRPUSDT",1.273371553E9,3.1356,2.0,,,false,"2025-07-30T16:51:42.218000Z"
"XRPUSDT",1.273371554E9,3.1356,3.4,,,false,"2025-07-30T16:51:42.218000Z"
"XRPUSDT",1.273371555E9,3.1356,2.0,,,false,"2025-07-30T16:51:42.218000Z"
"XRPUSDT",1.273371556E9,3.1356,2.0,,,false,"2025-07-30T16:51:42.218000Z"
"XRPUSDT",1.273371557E9,3.1356,2.0,,,false,"2025-07-30T16:51:42.218000Z"
"XRPUSDT",1.273371558E9,3.1356,1.6,,,false,"2025-07-30T16:51:42.218000Z"
"XRPUSDT",1.273371559E9,3.1356,2.0,,,false,"2025-07-30T16:51:42.218000Z"
"XRPUSDT",1.27337156E9,3.1357,2.0,,,false,"2025-07-30T16:51:42.218000Z"
"XRPUSDT",1.273371561E9,3.1357,1.6,,,false,"2025-07-30T16:51:42.218000Z"
"XRPUSDT",1.273371562E9,3.1357,2.0,,,false,"2025-07-30T16:51:42.218000Z"
"XRPUSDT",1.273371563E9,3.1357,3.3,,,false,"2025-07-30T16:51:42.218000Z"
"XRPUSDT",1.273371564E9,3.1357,2.0,,,false,"2025-07-30T16:51:42.218000Z"
"XRPUSDT",1.273371565E9,3.1357,1.7,,,false,"2025-07-30T16:51:42.218000Z"
"XRPUSDT",1.273371566E9,3.1357,11.6,,,false,"2025-07-30T16:51:42.218000Z"
"XRPUSDT",1.273371567E9,3.1357,2.0,,,false,"2025-07-30T16:51:42.218000Z"
"XRPUSDT",1.273371568E9,3.1357,3.4,,,false,"2025-07-30T16:51:42.218000Z"
"XRPUSDT",1.273371569E9,3.1357,2.0,,,false,"2025-07-30T16:51:42.218000Z"
"XRPUSDT",1.27337157E9,3.1358,288.0,,,false,"2025-07-30T16:51:42.228000Z"
"XRPUSDT",1.273371571E9,3.1357,344.0,,,true,"2025-07-30T16:51:43.024000Z"
"XRPUSDT",1.273371572E9,3.1357,133.4,,,true,"2025-07-30T16:51:43.024000Z"
"XRPUSDT",1.273371573E9,3.1357,350.0,,,true,"2025-07-30T16:51:43.760000Z"
"XRPUSDT",1.273371574E9,3.1357,16.0,,,true,"2025-07-30T16:51:44.318000Z"
"XRPUSDT",1.273371575E9,3.1358,21.0,,,false,"2025-07-30T16:51:44.670000Z"
"XRPUSDT",1.273371576E9,3.1357,200.3,,,true,"2025-07-30T16:51:44.916000Z"
"XRPUSDT",1.273371577E9,3.1358,1.6,,,false,"2025-07-30T16:51:45.831000Z"
"XRPUSDT",1.273371578E9,3.1358,3.3,,,false,"2025-07-30T16:51:45.831000Z"
"XRPUSDT",1.273371579E9,3.1358,1.7,,,false,"2025-07-30T16:51:45.831000Z"
"XRPUSDT",1.27337158E9,3.1358,2.0,,,false,"2025-07-30T16:51:45.831000Z"
"XRPUSDT",1.273371581E9,3.1358,2.0,,,false,"2025-07-30T16:51:45.831000Z"
"XRPUSDT",1.273371582E9,3.1358,2.0,,,false,"2025-07-30T16:51:45.831000Z"
"XRPUSDT",1.273371583E9,3.1358,2.0,,,false,"2025-07-30T16:51:45.831000Z"
"XRPUSDT",1.273371584E9,3.1358,17.3,,,false,"2025-07-30T16:51:45.831000Z"
"XRPUSDT",1.273371585E9,3.1358,63.8,,,false,"2025-07-30T16:51:45.831000Z"
"XRPUSDT",1.273371586E9,3.1358,63.8,,,false,"2025-07-30T16:51:45.831000Z"
"XRPUSDT",1.273371587E9,3.1358,25.5,,,false,"2025-07-30T16:51:45.832000Z"
"XRPUSDT",1.273371588E9,3.1358,25.5,,,false,"2025-07-30T16:51:45.832000Z"
"XRPUSDT",1.273371589E9,3.1358,25.5,,,false,"2025-07-30T16:51:45.832000Z"
"XRPUSDT",1.27337159E9,3.1358,49.3,,,false,"2025-07-30T16:51:45.832000Z"
"XRPUSDT",1.273371591E9,3.1358,2.0,,,false,"2025-07-30T16:51:45.832000Z"
"XRPUSDT",1.273371592E9,3.1359,1.6,,,false,"2025-07-30T16:51:45.832000Z"
"XRPUSDT",1.273371593E9,3.1359,9.5,,,false,"2025-07-30T16:51:45.832000Z"
"XRPUSDT",1.273371594E9,3.1359,1.4,,,false,"2025-07-30T16:51:45.832000Z"
"XRPUSDT",1.273371595E9,3.1359,0.3,,,false,"2025-07-30T16:51:45.866000Z"
"XRPUSDT",1.273371596E9,3.1359,2.0,,,false,"2025-07-30T16:51:45.866000Z"
"XRPUSDT",1.273371597E9,3.1359,2.0,,,false,"2025-07-30T16:51:45.866000Z"
"XRPUSDT",1.273371598E9,3.1359,2.0,,,false,"2025-07-30T16:51:45.866000Z"
"XRPUSDT",1.273371599E9,3.1359,2.0,,,false,"2025-07-30T16:51:45.866000Z"
"XRPUSDT",1.2733716E9,3.1359,2.0,,,false,"2025-07-30T16:51:45.866000Z"
"XRPUSDT",1.273371601E9,3.1359,2.0,,,false,"2025-07-30T16:51:45.866000Z"
"XRPUSDT",1.273371602E9,3.1359,1.6,,,false,"2025-07-30T16:51:45.866000Z"
"XRPUSDT",1.273371603E9,3.1359,2.0,,,false,"2025-07-30T16:51:45.866000Z"
"XRPUSDT",1.273371604E9,3.136,1.6,,,false,"2025-07-30T16:51:45.866000Z"
"XRPUSDT",1.273371605E9,3.136,5.7,,,false,"2025-07-30T16:51:45.866000Z"
"XRPUSDT",1.273371606E9,3.1359,1.6,,,true,"2025-07-30T16:51:46.092000Z"
"XRPUSDT",1.273371607E9,3.1359,1.7,,,true,"2025-07-30T16:51:46.092000Z"
"XRPUSDT",1.273371608E9,3.1359,2.0,,,true,"2025-07-30T16:51:46.092000Z"
"XRPUSDT",1.273371609E9,3.1359,2.0,,,true,"2025-07-30T16:51:46.092000Z"
"XRPUSDT",1.27337161E9,3.1359,113.2,,,true,"2025-07-30T16:51:46.224000Z"
"XRPUSDT",1.273371611E9,3.1359,2.0,,,true,"2025-07-30T16:51:46.224000Z"
"XRPUSDT",1.273371612E9,3.1359,2.0,,,true,"2025-07-30T16:51:46.224000Z"
"XRPUSDT",1.273371613E9,3.1359,2.0,,,true,"2025-07-30T16:51:46.224000Z"
"XRPUSDT",1.273371614E9,3.1359,2.0,,,true,"2025-07-30T16:51:46.224000Z"
"XRPUSDT",1.273371615E9,3.1359,1.7,,,true,"2025-07-30T16:51:46.224000Z"
"XRPUSDT",1.273371616E9,3.1359,1.6,,,true,"2025-07-30T16:51:46.224000Z"
"XRPUSDT",1.273371617E9,3.1358,2.0,,,true,"2025-07-30T16:51:46.224000Z"
"XRPUSDT",1.273371618E9,3.1358,2.0,,,true,"2025-07-30T16:51:46.224000Z"
"XRPUSDT",1.273371619E9,3.1358,1.6,,,true,"2025-07-30T16:51:46.224000Z"
"XRPUSDT",1.27337162E9,3.1358,2.0,,,true,"2025-07-30T16:51:46.224000Z"
"XRPUSDT",1.273371621E9,3.1358,1.7,,,true,"2025-07-30T16:51:46.224000Z"
"XRPUSDT",1.273371622E9,3.1358,2.0,,,true,"2025-07-30T16:51:46.224000Z"
"XRPUSDT",1.273371623E9,3.1358,34.6,,,false,"2025-07-30T16:51:46.265000Z"
"XRPUSDT",1.273371624E9,3.1358,51.4,,,false,"2025-07-30T16:51:47.091000Z"
"XRPUSDT",1.273371625E9,3.1358,1.6,,,false,"2025-07-30T16:51:47.145000Z"
"XRPUSDT",1.273371626E9,3.1358,2.0,,,false,"2025-07-30T16:51:47.145000Z"
"XRPUSDT",1.273371627E9,3.1358,2.0,,,false,"2025-07-30T16:51:47.145000Z"
"XRPUSDT",1.273371628E9,3.1358,2.0,,,false,"2025-07-30T16:51:47.145000Z"
"XRPUSDT",1.273371629E9,3.1358,2.0,,,false,"2025-07-30T16:51:47.145000Z"
"XRPUSDT",1.27337163E9,3.1358,115.2,,,false,"2025-07-30T16:51:47.145000Z"
"XRPUSDT",1.273371631E9,3.1358,2.0,,,false,"2025-07-30T16:51:47.145000Z"
"XRPUSDT",1.273371632E9,3.1358,2.0,,,false,"2025-07-30T16:51:47.145000Z"
"XRPUSDT",1.273371633E9,3.1358,1.7,,,false,"2025-07-30T16:51:47.145000Z"
"XRPUSDT",1.273371634E9,3.1358,2.0,,,false,"2025-07-30T16:51:47.145000Z"
"XRPUSDT",1.273371635E9,3.1358,2.0,,,false,"2025-07-30T16:51:47.145000Z"
"XRPUSDT",1.273371636E9,3.1359,1.6,,,false,"2025-07-30T16:51:47.218000Z"
"XRPUSDT",1.273371637E9,3.1359,2.0,,,false,"2025-07-30T16:51:47.218000Z"
"XRPUSDT",1.273371638E9,3.1359,2.0,,,false,"2025-07-30T16:51:47.218000Z"
"XRPUSDT",1.273371639E9,3.1359,1.7,,,false,"2025-07-30T16:51:47.218000Z"
"XRPUSDT",1.27337164E9,3.1359,2.0,,,false,"2025-07-30T16:51:47.218000Z"
"XRPUSDT",1.273371641E9,3.1359,2.0,,,false,"2025-07-30T16:51:47.218000Z"
"XRPUSDT",1.273371642E9,3.1359,2.0,,,false,"2025-07-30T16:51:47.218000Z"
"XRPUSDT",1.273371643E9,3.136,2.0,,,false,"2025-07-30T16:51:47.818000Z"
"XRPUSDT",1.273371644E9,3.136,1.6,,,false,"2025-07-30T16:51:47.818000Z"
"XRPUSDT",1.273371645E9,3.136,2.0,,,false,"2025-07-30T16:51:47.818000Z"
"XRPUSDT",1.273371646E9,3.136,1.6,,,false,"2025-07-30T16:51:47.818000Z"
"XRPUSDT",1.273371647E9,3.136,1.7,,,false,"2025-07-30T16:51:47.818000Z"
"XRPUSDT",1.273371648E9,3.136,2.0,,,false,"2025-07-30T16:51:47.818000Z"
"XRPUSDT",1.273371649E9,3.136,2.0,,,false,"2025-07-30T16:51:47.818000Z"
"XRPUSDT",1.27337165E9,3.136,2.0,,,false,"2025-07-30T16:51:47.818000Z"
"XRPUSDT",1.273371651E9,3.136,2.0,,,false,"2025-07-30T16:51:47.818000Z"
"XRPUSDT",1.273371652E9,3.1361,1.6,,,false,"2025-07-30T16:51:47.818000Z"
"XRPUSDT",1.273371653E9,3.1361,2.0,,,false,"2025-07-30T16:51:47.818000Z"
"XRPUSDT",1.273371654E9,3.1361,2.0,,,false,"2025-07-30T16:51:47.818000Z"
"XRPUSDT",1.273371655E9,3.1361,2.0,,,false,"2025-07-30T16:51:47.818000Z"
"XRPUSDT",1.273371656E9,3.1361,1.7,,,false,"2025-07-30T16:51:47.818000Z"
"XRPUSDT",1.273371657E9,3.1361,2.0,,,false,"2025-07-30T16:51:47.818000Z"
"XRPUSDT",1.273371658E9,3.1361,1.7,,,false,"2025-07-30T16:51:47.818000Z"
"XRPUSDT",1.273371659E9,3.1361,2.0,,,false,"2025-07-30T16:51:47.818000Z"
"XRPUSDT",1.27337166E9,3.1362,3.3,,,false,"2025-07-30T16:51:48.418000Z"
"XRPUSDT",1.273371661E9,3.1362,1.6,,,false,"2025-07-30T16:51:48.418000Z"
"XRPUSDT",1.273371662E9,3.1362,2.0,,,false,"2025-07-30T16:51:48.418000Z"
"XRPUSDT",1.273371663E9,3.1362,2.0,,,false,"2025-07-30T16:51:48.418000Z"
"XRPUSDT",1.273371664E9,3.1362,1.7,,,false,"2025-07-30T16:51:48.418000Z"
"XRPUSDT",1.273371665E9,3.1362,2.0,,,false,"2025-07-30T16:51:48.418000Z"
"XRPUSDT",1.273371666E9,3.1362,2.0,,,false,"2025-07-30T16:51:48.418000Z"
"XRPUSDT",1.273371667E9,3.1362,2.0,,,false,"2025-07-30T16:51:48.418000Z"
"XRPUSDT",1.273371668E9,3.1362,2.0,,,false,"2025-07-30T16:51:48.418000Z"
"XRPUSDT",1.273371669E9,3.1362,5.5,,,false,"2025-07-30T16:51:48.418000Z"
"XRPUSDT",1.27337167E9,3.1362,2.0,,,false,"2025-07-30T16:51:48.418000Z"
"XRPUSDT",1.273371671E9,3.1363,1.6,,,false,"2025-07-30T16:51:48.418000Z"
"XRPUSDT",1.273371672E9,3.1363,1.7,,,false,"2025-07-30T16:51:48.418000Z"
"XRPUSDT",1.273371673E9,3.1363,2.0,,,false,"2025-07-30T16:51:48.418000Z"
"XRPUSDT",1.273371674E9,3.1363,2.0,,,false,"2025-07-30T16:51:48.418000Z"
"XRPUSDT",1.273371675E9,3.1363,2.0,,,false,"2025-07-30T16:51:48.418000Z"
"XRPUSDT",1.273371676E9,3.1363,2.0,,,false,"2025-07-30T16:51:48.418000Z"
"XRPUSDT",1.273371677E9,3.1363,1.7,,,false,"2025-07-30T16:51:48.418000Z"
"XRPUSDT",1.273371678E9,3.1363,2.0,,,false,"2025-07-30T16:51:48.418000Z"
"XRPUSDT",1.273371679E9,3.1363,477.2,,,true,"2025-07-30T16:51:48.754000Z"
"XRPUSDT",1.27337168E9,3.1364,3.3,,,false,"2025-07-30T16:51:49.068000Z"
"XRPUSDT",1.273371681E9,3.1364,1.6,,,false,"2025-07-30T16:51:49.068000Z"
"XRPUSDT",1.273371682E9,3.1364,2.8,,,false,"2025-07-30T16:51:49.068000Z"
"XRPUSDT",1.273371683E9,3.1364,2.0,,,false,"2025-07-30T16:51:49.068000Z"
"XRPUSDT",1.273371684E9,3.1364,1.7,,,false,"2025-07-30T16:51:49.068000Z"
"XRPUSDT",1.273371685E9,3.1364,78.5,,,false,"2025-07-30T16:51:49.068000Z"
"XRPUSDT",1.273371686E9,3.1364,12.8,,,false,"2025-07-30T16:51:49.769000Z"
"XRPUSDT",1.273371687E9,3.1363,1.6,,,true,"2025-07-30T16:51:49.818000Z"
"XRPUSDT",1.273371688E9,3.1363,2.0,,,true,"2025-07-30T16:51:49.818000Z"
"XRPUSDT",1.273371689E9,3.1363,115.2,,,true,"2025-07-30T16:51:49.818000Z"
"XRPUSDT",1.27337169E9,3.1363,2.0,,,true,"2025-07-30T16:51:49.818000Z"
"XRPUSDT",1.273371691E9,3.1363,1.7,,,true,"2025-07-30T16:51:49.818000Z"
"XRPUSDT",1.273371692E9,3.1363,2.0,,,true,"2025-07-30T16:51:49.818000Z"
"XRPUSDT",1.273371693E9,3.1363,2.0,,,true,"2025-07-30T16:51:49.818000Z"
"XRPUSDT",1.273371694E9,3.1363,14.2,,,true,"2025-07-30T16:51:49.818000Z"
"XRPUSDT",1.273371695E9,3.1363,2.0,,,true,"2025-07-30T16:51:49.818000Z"
"XRPUSDT",1.273371696E9,3.1362,1.6,,,true,"2025-07-30T16:51:49.818000Z"
"XRPUSDT",1.273371697E9,3.1362,2.0,,,true,"2025-07-30T16:51:49.818000Z"
"XRPUSDT",1.273371698E9,3.1362,2.0,,,true,"2025-07-30T16:51:49.818000Z"
"XRPUSDT",1.273371699E9,3.1362,1.7,,,true,"2025-07-30T16:51:49.818000Z"
"XRPUSDT",1.2733717E9,3.1362,2.0,,,true,"2025-07-30T16:51:49.818000Z"
"XRPUSDT",1.273371701E9,3.1362,2.0,,,true,"2025-07-30T16:51:49.818000Z"
"XRPUSDT",1.273371702E9,3.1362,14.6,,,false,"2025-07-30T16:51:50.468000Z"
"XRPUSDT",1.273371703E9,3.1361,1.6,,,true,"2025-07-30T16:51:52.018000Z"
"XRPUSDT",1.273371704E9,3.1361,2.0,,,true,"2025-07-30T16:51:52.018000Z"
"XRPUSDT",1.273371705E9,3.1361,2.0,,,true,"2025-07-30T16:51:52.018000Z"
"XRPUSDT",1.273371706E9,3.1361,1.7,,,true,"2025-07-30T16:51:52.018000Z"
"XRPUSDT",1.273371707E9,3.1361,2.0,,,true,"2025-07-30T16:51:52.018000Z"
"XRPUSDT",1.273371708E9,3.1361,2.0,,,true,"2025-07-30T16:51:52.018000Z"
"XRPUSDT",1.273371709E9,3.1361,2.0,,,true,"2025-07-30T16:51:52.018000Z"
"XRPUSDT",1.27337171E9,3.1361,19.5,,,true,"2025-07-30T16:51:52.018000Z"
"XRPUSDT",1.273371711E9,3.1361,4.4,,,true,"2025-07-30T16:51:52.018000Z"
"XRPUSDT",1.273371712E9,3.1361,2.0,,,true,"2025-07-30T16:51:52.018000Z"
"XRPUSDT",1.273371713E9,3.136,1.6,,,true,"2025-07-30T16:51:52.243000Z"
"XRPUSDT",1.273371714E9,3.136,1.6,,,true,"2025-07-30T16:51:52.243000Z"
"XRPUSDT",1.273371715E9,3.136,2.0,,,true,"2025-07-30T16:51:52.243000Z"
"XRPUSDT",1.273371716E9,3.136,2.0,,,true,"2025-07-30T16:51:52.243000Z"
"XRPUSDT",1.273371717E9,3.136,2.4,,,true,"2025-07-30T16:51:52.243000Z"
"XRPUSDT",1.273371718E9,3.136,2.0,,,true,"2025-07-30T16:51:52.243000Z"
"XRPUSDT",1.273371719E9,3.136,2.0,,,true,"2025-07-30T16:51:52.243000Z"
"XRPUSDT",1.27337172E9,3.136,2.0,,,true,"2025-07-30T16:51:52.243000Z"
"XRPUSDT",1.273371721E9,3.136,2.0,,,true,"2025-07-30T16:51:52.243000Z"
"XRPUSDT",1.273371722E9,3.136,2.0,,,true,"2025-07-30T16:51:52.243000Z"
"XRPUSDT",1.273371723E9,3.1359,1.6,,,true,"2025-07-30T16:51:52.518000Z"
"XRPUSDT",1.273371724E9,3.1359,2.0,,,true,"2025-07-30T16:51:52.518000Z"
"XRPUSDT",1.273371725E9,3.1359,2.0,,,true,"2025-07-30T16:51:52.518000Z"
"XRPUSDT",1.273371726E9,3.1359,2.0,,,true,"2025-07-30T16:51:52.518000Z"
"XRPUSDT",1.273371727E9,3.1359,1.7,,,true,"2025-07-30T16:51:52.518000Z"
"XRPUSDT",1.273371728E9,3.1359,2.0,,,true,"2025-07-30T16:51:52.518000Z"
"XRPUSDT",1.273371729E9,3.1359,2.0,,,true,"2025-07-30T16:51:52.518000Z"
"XRPUSDT",1.27337173E9,3.1359,2.0,,,true,"2025-07-30T16:51:52.518000Z"
"XRPUSDT",1.273371731E9,3.1359,2.0,,,true,"2025-07-30T16:51:52.518000Z"
"XRPUSDT",1.273371732E9,3.1358,1.6,,,true,"2025-07-30T16:51:52.518000Z"
"XRPUSDT",1.273371733E9,3.1358,3.3,,,true,"2025-07-30T16:51:52.518000Z"
"XRPUSDT",1.273371734E9,3.1358,1.7,,,true,"2025-07-30T16:51:52.518000Z"
"XRPUSDT",1.273371735E9,3.1358,2.0,,,true,"2025-07-30T16:51:52.518000Z"
"XRPUSDT",1.273371736E9,3.1358,1.7,,,true,"2025-07-30T16:51:52.518000Z"
"XRPUSDT",1.273371737E9,3.1358,2.0,,,true,"2025-07-30T16:51:52.518000Z"
"XRPUSDT",1.273371738E9,3.1358,1.7,,,true,"2025-07-30T16:51:52.518000Z"
"XRPUSDT",1.273371739E9,3.1358,2.0,,,true,"2025-07-30T16:51:52.518000Z"
"XRPUSDT",1.27337174E9,3.1358,1.6,,,false,"2025-07-30T16:51:53.962000Z"
"XRPUSDT",1.273371741E9,3.1358,2.0,,,false,"2025-07-30T16:51:53.962000Z"
"XRPUSDT",1.273371742E9,3.1358,2.0,,,false,"2025-07-30T16:51:53.962000Z"
"XRPUSDT",1.273371743E9,3.1358,0.4,,,false,"2025-07-30T16:51:53.962000Z"
"XRPUSDT",1.273371744E9,3.1357,1.6,,,true,"2025-07-30T16:51:54.239000Z"
"XRPUSDT",1.273371745E9,3.1357,3.3,,,true,"2025-07-30T16:51:54.239000Z"
"XRPUSDT",1.273371746E9,3.1357,2.4,,,true,"2025-07-30T16:51:54.239000Z"
"XRPUSDT",1.273371747E9,3.1357,2.0,,,true,"2025-07-30T16:51:54.239000Z"
"XRPUSDT",1.273371748E9,3.1357,1.7,,,true,"2025-07-30T16:51:54.239000Z"
"XRPUSDT",1.273371749E9,3.1357,446.6,,,true,"2025-07-30T16:51:54.239000Z"
"XRPUSDT",1.27337175E9,3.1357,89.2,,,true,"2025-07-30T16:51:54.413000Z"
"XRPUSDT",1.273371751E9,3.1357,2.0,,,true,"2025-07-30T16:51:54.413000Z"
"XRPUSDT",1.273371752E9,3.1357,2.0,,,true,"2025-07-30T16:51:54.413000Z"
"XRPUSDT",1.273371753E9,3.1357,2.0,,,true,"2025-07-30T16:51:54.413000Z"
"XRPUSDT",1.273371754E9,3.1357,21.7,,,true,"2025-07-30T16:51:54.413000Z"
"XRPUSDT",1.273371755E9,3.1357,19.4,,,true,"2025-07-30T16:51:54.413000Z"
"XRPUSDT",1.273371756E9,3.1357,19.5,,,true,"2025-07-30T16:51:54.413000Z"
"XRPUSDT",1.273371757E9,3.1357,20.2,,,true,"2025-07-30T16:51:54.413000Z"
"XRPUSDT",1.273371758E9,3.1357,21.7,,,true,"2025-07-30T16:51:54.413000Z"
"XRPUSDT",1.273371759E9,3.1357,21.7,,,true,"2025-07-30T16:51:54.413000Z"
"XRPUSDT",1.27337176E9,3.1357,20.3,,,true,"2025-07-30T16:51:54.413000Z"
"XRPUSDT",1.273371761E9,3.1357,22.7,,,true,"2025-07-30T16:51:54.413000Z"
"XRPUSDT",1.273371762E9,3.1357,405.0,,,true,"2025-07-30T16:51:54.413000Z"
"XRPUSDT",1.273371763E9,3.1357,1.7,,,true,"2025-07-30T16:51:54.612000Z"
"XRPUSDT",1.273371764E9,3.1357,2.0,,,true,"2025-07-30T16:51:54.612000Z"
"XRPUSDT",1.273371765E9,3.1357,1.6,,,true,"2025-07-30T16:51:54.612000Z"
"XRPUSDT",1.273371766E9,3.1357,2.0,,,true,"2025-07-30T16:51:54.612000Z"
"XRPUSDT",1.273371767E9,3.1357,2.0,,,true,"2025-07-30T16:51:54.612000Z"
"XRPUSDT",1.273371768E9,3.1357,2.0,,,true,"2025-07-30T16:51:54.612000Z"
"XRPUSDT",1.273371769E9,3.1357,21.7,,,true,"2025-07-30T16:51:54.612000Z"
"XRPUSDT",1.27337177E9,3.1357,1.9,,,true,"2025-07-30T16:51:54.612000Z"
"XRPUSDT",1.273371771E9,3.1357,31.9,,,true,"2025-07-30T16:51:54.612000Z"
"XRPUSDT",1.273371772E9,3.1357,31.9,,,true,"2025-07-30T16:51:54.612000Z"
"XRPUSDT",1.273371773E9,3.1357,31.9,,,true,"2025-07-30T16:51:54.612000Z"
"XRPUSDT",1.273371774E9,3.1357,47.8,,,true,"2025-07-30T16:51:54.612000Z"
"XRPUSDT",1.273371775E9,3.1356,1.6,,,true,"2025-07-30T16:51:54.626000Z"
"XRPUSDT",1.273371776E9,3.1356,3.4,,,true,"2025-07-30T16:51:54.626000Z"
"XRPUSDT",1.273371777E9,3.1356,9.5,,,true,"2025-07-30T16:51:54.626000Z"
"XRPUSDT",1.273371778E9,3.1356,2.0,,,true,"2025-07-30T16:51:54.626000Z"
"XRPUSDT",1.273371779E9,3.1356,2.0,,,true,"2025-07-30T16:51:54.626000Z"
"XRPUSDT",1.27337178E9,3.1356,2.0,,,true,"2025-07-30T16:51:54.626000Z"
"XRPUSDT",1.273371781E9,3.1356,2.0,,,true,"2025-07-30T16:51:54.626000Z"
"XRPUSDT",1.273371782E9,3.1356,1.7,,,true,"2025-07-30T16:51:54.626000Z"
"XRPUSDT",1.273371783E9,3.1356,2.0,,,true,"2025-07-30T16:51:54.626000Z"
"XRPUSDT",1.273371784E9,3.1356,2.0,,,true,"2025-07-30T16:51:54.626000Z"
"XRPUSDT",1.273371785E9,3.1356,2.0,,,true,"2025-07-30T16:51:54.626000Z"
"XRPUSDT",1.273371786E9,3.1355,1.6,,,true,"2025-07-30T16:51:54.640000Z"
"XRPUSDT",1.273371787E9,3.1355,2.0,,,true,"2025-07-30T16:51:54.640000Z"
"XRPUSDT",1.273371788E9,3.1355,1.7,,,true,"2025-07-30T16:51:54.640000Z"
"XRPUSDT",1.273371789E9,3.1355,2.0,,,true,"2025-07-30T16:51:54.640000Z"
"XRPUSDT",1.27337179E9,3.1355,2.0,,,true,"2025-07-30T16:51:54.640000Z"
"XRPUSDT",1.273371791E9,3.1355,2.0,,,true,"2025-07-30T16:51:54.640000Z"
"XRPUSDT",1.273371792E9,3.1355,2.0,,,true,"2025-07-30T16:51:54.640000Z"
"XRPUSDT",1.273371793E9,3.1355,121.2,,,false,"2025-07-30T16:51:54.656000Z"
"XRPUSDT",1.273371794E9,3.1355,516.6,,,false,"2025-07-30T16:51:54.656000Z"
"XRPUSDT",1.273371795E9,3.1354,3.3,,,true,"2025-07-30T16:51:54.918000Z"
"XRPUSDT",1.273371796E9,3.1354,1.6,,,true,"2025-07-30T16:51:54.918000Z"
"XRPUSDT",1.273371797E9,3.1354,1.8,,,true,"2025-07-30T16:51:54.918000Z"
"XRPUSDT",1.273371798E9,3.1354,2.0,,,true,"2025-07-30T16:51:54.918000Z"
"XRPUSDT",1.273371799E9,3.1354,2.0,,,true,"2025-07-30T16:51:54.918000Z"
"XRPUSDT",1.2733718E9,3.1354,1.7,,,true,"2025-07-30T16:51:54.918000Z"
"XRPUSDT",1.273371801E9,3.1354,2.0,,,true,"2025-07-30T16:51:54.918000Z"
"XRPUSDT",1.273371802E9,3.1354,2.0,,,true,"2025-07-30T16:51:54.918000Z"
"XRPUSDT",1.273371803E9,3.1354,2.0,,,true,"2025-07-30T16:51:54.918000Z"
"XRPUSDT",1.273371804E9,3.1354,2.0,,,true,"2025-07-30T16:51:54.918000Z"
"XRPUSDT",1.273371805E9,3.1354,2.0,,,true,"2025-07-30T16:51:54.918000Z"
"XRPUSDT",1.273371806E9,3.1354,2.0,,,true,"2025-07-30T16:51:54.918000Z"
"XRPUSDT",1.273371807E9,3.1353,1.6,,,true,"2025-07-30T16:51:55.118000Z"
"XRPUSDT",1.273371808E9,3.1353,9.5,,,true,"2025-07-30T16:51:55.118000Z"
"XRPUSDT",1.273371809E9,3.1353,1.6,,,true,"2025-07-30T16:51:55.118000Z"
"XRPUSDT",1.27337181E9,3.1353,2.0,,,true,"2025-07-30T16:51:55.118000Z"
"XRPUSDT",1.273371811E9,3.1353,2.0,,,true,"2025-07-30T16:51:55.118000Z"
"XRPUSDT",1.273371812E9,3.1353,1.7,,,true,"2025-07-30T16:51:55.118000Z"
"XRPUSDT",1.273371813E9,3.1353,2.0,,,true,"2025-07-30T16:51:55.118000Z"
"XRPUSDT",1.273371814E9,3.1353,2.0,,,true,"2025-07-30T16:51:55.118000Z"
"XRPUSDT",1.273371815E9,3.1353,2.0,,,true,"2025-07-30T16:51:55.118000Z"
"XRPUSDT",1.273371816E9,3.1353,2.0,,,true,"2025-07-30T16:51:55.118000Z"
"XRPUSDT",1.273371817E9,3.1352,3.3,,,true,"2025-07-30T16:51:55.118000Z"
"XRPUSDT",1.273371818E9,3.1352,1.8,,,true,"2025-07-30T16:51:55.118000Z"
"XRPUSDT",1.273371819E9,3.1352,1.6,,,true,"2025-07-30T16:51:55.118000Z"
"XRPUSDT",1.27337182E9,3.1352,1.7,,,true,"2025-07-30T16:51:55.118000Z"
"XRPUSDT",1.273371821E9,3.1352,2.0,,,true,"2025-07-30T16:51:55.118000Z"
"XRPUSDT",1.273371822E9,3.1352,2.0,,,true,"2025-07-30T16:51:55.118000Z"
"XRPUSDT",1.273371823E9,3.1352,1.7,,,true,"2025-07-30T16:51:55.118000Z"
"XRPUSDT",1.273371824E9,3.1352,2.0,,,true,"2025-07-30T16:51:55.118000Z"
"XRPUSDT",1.273371825E9,3.1351,2.4,,,true,"2025-07-30T16:51:56.728000Z"
"XRPUSDT",1.273371826E9,3.1351,3.6,,,true,"2025-07-30T16:51:56.728000Z"
"XRPUSDT",1.273371827E9,3.1351,93.1,,,true,"2025-07-30T16:51:58.619000Z"
"XRPUSDT",1.273371828E9,3.1351,3.3,,,true,"2025-07-30T16:51:58.619000Z"
"XRPUSDT",1.273371829E9,3.1351,1.6,,,true,"2025-07-30T16:51:58.619000Z"
"XRPUSDT",1.27337183E9,3.1351,1.7,,,true,"2025-07-30T16:51:58.619000Z"
"XRPUSDT",1.273371831E9,3.1351,2.0,,,true,"2025-07-30T16:51:58.619000Z"
"XRPUSDT",1.273371832E9,3.1351,2.0,,,true,"2025-07-30T16:51:58.619000Z"
"XRPUSDT",1.273371833E9,3.1351,2.0,,,true,"2025-07-30T16:51:58.619000Z"
"XRPUSDT",1.273371834E9,3.1351,2.0,,,true,"2025-07-30T16:51:58.619000Z"
"XRPUSDT",1.273371835E9,3.1351,2.0,,,true,"2025-07-30T16:51:58.619000Z"
"XRPUSDT",1.273371836E9,3.1351,3.5,,,true,"2025-07-30T16:51:58.619000Z"
"XRPUSDT",1.273371837E9,3.1351,22.7,,,true,"2025-07-30T16:51:58.619000Z"
"XRPUSDT",1.273371838E9,3.1351,7.7,,,true,"2025-07-30T16:51:58.619000Z"
"XRPUSDT",1.273371839E9,3.1351,2.0,,,true,"2025-07-30T16:51:58.619000Z"
"XRPUSDT",1.27337184E9,3.1351,1270.0,,,false,"2025-07-30T16:51:59.141000Z"
"XRPUSDT",1.273371841E9,3.1351,745.6,,,false,"2025-07-30T16:51:59.141000Z"
"XRPUSDT",1.273371842E9,3.1351,1177.0,,,false,"2025-07-30T16:51:59.141000Z"
"XRPUSDT",1.273371843E9,3.1351,629.8,,,false,"2025-07-30T16:51:59.141000Z"
"XRPUSDT",1.273371844E9,3.1351,1130.2,,,false,"2025-07-30T16:51:59.141000Z"
"XRPUSDT",1.273371845E9,3.135,475.8,,,true,"2025-07-30T16:51:59.949000Z"
"XRPUSDT",1.273371846E9,3.135,63.7,,,true,"2025-07-30T16:52:00.626000Z"
"XRPUSDT",1.273371847E9,3.135,14.5,,,true,"2025-07-30T16:52:01.560000Z"
"XRPUSDT",1.273371848E9,3.135,1.8,,,true,"2025-07-30T16:52:01.560000Z"
"XRPUSDT",1.273371849E9,3.135,52.0,,,true,"2025-07-30T16:52:01.560000Z"
"XRPUSDT",1.27337185E9,3.135,9.5,,,true,"2025-07-30T16:52:01.560000Z"
"XRPUSDT",1.273371851E9,3.135,1.6,,,true,"2025-07-30T16:52:01.560000Z"
"XRPUSDT",1.273371852E9,3.135,2.0,,,true,"2025-07-30T16:52:01.560000Z"
"XRPUSDT",1.273371853E9,3.135,1.7,,,true,"2025-07-30T16:52:01.560000Z"
"XRPUSDT",1.273371854E9,3.135,2.0,,,true,"2025-07-30T16:52:01.560000Z"
"XRPUSDT",1.273371855E9,3.135,2.0,,,true,"2025-07-30T16:52:01.560000Z"
"XRPUSDT",1.273371856E9,3.135,2.0,,,true,"2025-07-30T16:52:01.560000Z"
"XRPUSDT",1.273371857E9,3.135,2.0,,,true,"2025-07-30T16:52:01.560000Z"
"XRPUSDT",1.273371858E9,3.135,2.0,,,true,"2025-07-30T16:52:01.560000Z"
"XRPUSDT",1.273371859E9,3.135,3.5,,,true,"2025-07-30T16:52:01.560000Z"
"XRPUSDT",1.27337186E9,3.135,11.9,,,true,"2025-07-30T16:52:01.560000Z"
"XRPUSDT",1.273371861E9,3.135,5.7,,,true,"2025-07-30T16:52:01.560000Z"
"XRPUSDT",1.273371862E9,3.135,2.0,,,true,"2025-07-30T16:52:01.560000Z"
"XRPUSDT",1.273371863E9,3.1349,1.6,,,true,"2025-07-30T16:52:01.561000Z"
"XRPUSDT",1.273371864E9,3.1349,1.7,,,true,"2025-07-30T16:52:01.561000Z"
"XRPUSDT",1.273371865E9,3.1349,2.0,,,true,"2025-07-30T16:52:01.561000Z"
"XRPUSDT",1.273371866E9,3.1349,2.0,,,true,"2025-07-30T16:52:01.561000Z"
"XRPUSDT",1.273371867E9,3.1349,2.0,,,true,"2025-07-30T16:52:01.561000Z"
"XRPUSDT",1.273371868E9,3.1349,2.0,,,true,"2025-07-30T16:52:01.561000Z"
"XRPUSDT",1.273371869E9,3.1349,2.0,,,true,"2025-07-30T16:52:01.561000Z"
"XRPUSDT",1.27337187E9,3.1348,1.8,,,true,"2025-07-30T16:52:01.701000Z"
"XRPUSDT",1.273371871E9,3.1348,1.6,,,true,"2025-07-30T16:52:01.701000Z"
"XRPUSDT",1.273371872E9,3.1348,2.0,,,true,"2025-07-30T16:52:01.701000Z"
"XRPUSDT",1.273371873E9,3.1348,2.0,,,true,"2025-07-30T16:52:01.701000Z"
"XRPUSDT",1.273371874E9,3.1348,2.0,,,true,"2025-07-30T16:52:01.701000Z"
"XRPUSDT",1.273371875E9,3.1348,1.7,,,true,"2025-07-30T16:52:01.701000Z"
"XRPUSDT",1.273371876E9,3.1348,2.0,,,true,"2025-07-30T16:52:01.701000Z"
"XRPUSDT",1.273371877E9,3.1348,2.0,,,true,"2025-07-30T16:52:01.701000Z"
"XRPUSDT",1.273371878E9,3.1348,2.0,,,true,"2025-07-30T16:52:01.701000Z"
"XRPUSDT",1.273371879E9,3.1348,2.0,,,true,"2025-07-30T16:52:01.703000Z"
"XRPUSDT",1.27337188E9,3.1348,1.6,,,true,"2025-07-30T16:52:01.703000Z"
"XRPUSDT",1.273371881E9,3.1348,1.7,,,true,"2025-07-30T16:52:01.703000Z"
"XRPUSDT",1.273371882E9,3.1347,1.7,,,true,"2025-07-30T16:52:01.704000Z"
"XRPUSDT",1.273371883E9,3.1347,9.5,,,true,"2025-07-30T16:52:01.704000Z"
"XRPUSDT",1.273371884E9,3.1347,1.6,,,true,"2025-07-30T16:52:01.704000Z"
"XRPUSDT",1.273371885E9,3.1347,2.0,,,true,"2025-07-30T16:52:01.704000Z"
"XRPUSDT",1.273371886E9,3.1347,2.0,,,true,"2025-07-30T16:52:01.704000Z"
"XRPUSDT",1.273371887E9,3.1347,2.0,,,true,"2025-07-30T16:52:01.704000Z"
"XRPUSDT",1.273371888E9,3.1347,3.3,,,true,"2025-07-30T16:52:01.704000Z"
"XRPUSDT",1.273371889E9,3.1347,1.7,,,true,"2025-07-30T16:52:01.704000Z"
"XRPUSDT",1.27337189E9,3.1347,2.0,,,true,"2025-07-30T16:52:01.704000Z"
"XRPUSDT",1.273371891E9,3.1347,2.0,,,true,"2025-07-30T16:52:01.704000Z"
"XRPUSDT",1.273371892E9,3.1346,1.6,,,true,"2025-07-30T16:52:01.706000Z"
"XRPUSDT",1.273371893E9,3.1346,1.8,,,true,"2025-07-30T16:52:01.706000Z"
"XRPUSDT",1.273371894E9,3.1346,1.6,,,true,"2025-07-30T16:52:01.706000Z"
"XRPUSDT",1.273371895E9,3.1346,2.0,,,true,"2025-07-30T16:52:01.706000Z"
"XRPUSDT",1.273371896E9,3.1346,2.0,,,true,"2025-07-30T16:52:01.706000Z"
"XRPUSDT",1.273371897E9,3.1346,2.0,,,true,"2025-07-30T16:52:01.706000Z"
"XRPUSDT",1.273371898E9,3.1346,3.3,,,true,"2025-07-30T16:52:01.706000Z"
"XRPUSDT",1.273371899E9,3.1346,1.7,,,true,"2025-07-30T16:52:01.706000Z"
"XRPUSDT",1.2733719E9,3.1346,2.0,,,true,"2025-07-30T16:52:01.706000Z"
"XRPUSDT",1.273371901E9,3.1346,2.0,,,true,"2025-07-30T16:52:01.706000Z"
"XRPUSDT",1.273371902E9,3.1345,2.4,,,true,"2025-07-30T16:52:01.747000Z"
"XRPUSDT",1.273371903E9,3.1345,3.3,,,true,"2025-07-30T16:52:01.747000Z"
"XRPUSDT",1.273371904E9,3.1345,1.6,,,true,"2025-07-30T16:52:01.747000Z"
"XRPUSDT",1.273371905E9,3.1345,2.0,,,true,"2025-07-30T16:52:01.747000Z"
"XRPUSDT",1.273371906E9,3.1345,2.0,,,true,"2025-07-30T16:52:01.747000Z"
"XRPUSDT",1.273371907E9,3.1345,2.0,,,true,"2025-07-30T16:52:01.747000Z"
"XRPUSDT",1.273371908E9,3.1345,2.0,,,true,"2025-07-30T16:52:01.747000Z"
"XRPUSDT",1.273371909E9,3.1345,2.0,,,true,"2025-07-30T16:52:01.747000Z"
"XRPUSDT",1.27337191E9,3.1344,3.3,,,true,"2025-07-30T16:52:01.749000Z"
"XRPUSDT",1.273371911E9,3.1344,9.5,,,true,"2025-07-30T16:52:01.749000Z"
"XRPUSDT",1.273371912E9,3.1344,1.8,,,true,"2025-07-30T16:52:01.749000Z"
"XRPUSDT",1.273371913E9,3.1344,1.6,,,true,"2025-07-30T16:52:01.749000Z"
"XRPUSDT",1.273371914E9,3.1344,1.7,,,true,"2025-07-30T16:52:01.749000Z"
"XRPUSDT",1.273371915E9,3.1344,2.0,,,true,"2025-07-30T16:52:01.749000Z"
"XRPUSDT",1.273371916E9,3.1344,2.0,,,true,"2025-07-30T16:52:01.749000Z"
"XRPUSDT",1.273371917E9,3.1344,2.0,,,true,"2025-07-30T16:52:01.749000Z"
"XRPUSDT",1.273371918E9,3.1343,3.3,,,true,"2025-07-30T16:52:01.818000Z"
"XRPUSDT",1.273371919E9,3.1343,1.6,,,true,"2025-07-30T16:52:01.818000Z"
"XRPUSDT",1.27337192E9,3.1343,1.7,,,true,"2025-07-30T16:52:01.818000Z"
"XRPUSDT",1.273371921E9,3.1343,2.0,,,true,"2025-07-30T16:52:01.818000Z"
"XRPUSDT",1.273371922E9,3.1343,2.0,,,true,"2025-07-30T16:52:01.818000Z"
"XRPUSDT",1.273371923E9,3.1343,2.0,,,true,"2025-07-30T16:52:01.818000Z"
"XRPUSDT",1.273371924E9,3.1343,2.0,,,true,"2025-07-30T16:52:01.818000Z"
"XRPUSDT",1.273371925E9,3.1343,2.0,,,true,"2025-07-30T16:52:01.818000Z"
"XRPUSDT",1.273371926E9,3.1343,9.6,,,false,"2025-07-30T16:52:01.913000Z"
"XRPUSDT",1.273371927E9,3.1343,3.8,,,false,"2025-07-30T16:52:02.008000Z"
"XRPUSDT",1.273371928E9,3.1342,3.3,,,true,"2025-07-30T16:52:02.125000Z"
"XRPUSDT",1.273371929E9,3.1342,2.4,,,true,"2025-07-30T16:52:02.125000Z"
"XRPUSDT",1.27337193E9,3.1342,1.8,,,true,"2025-07-30T16:52:02.125000Z"
"XRPUSDT",1.273371931E9,3.1342,1.7,,,true,"2025-07-30T16:52:02.125000Z"
"XRPUSDT",1.273371932E9,3.1342,1.6,,,true,"2025-07-30T16:52:02.125000Z"
"XRPUSDT",1.273371933E9,3.1342,2.0,,,true,"2025-07-30T16:52:02.125000Z"
"XRPUSDT",1.273371934E9,3.1342,2.0,,,true,"2025-07-30T16:52:02.125000Z"
"XRPUSDT",1.273371935E9,3.1342,2.0,,,true,"2025-07-30T16:52:02.125000Z"
"XRPUSDT",1.273371936E9,3.1342,2.0,,,true,"2025-07-30T16:52:02.125000Z"
"XRPUSDT",1.273371937E9,3.1342,2.0,,,true,"2025-07-30T16:52:02.130000Z"
"XRPUSDT",1.273371938E9,3.1342,1.6,,,true,"2025-07-30T16:52:02.130000Z"
"XRPUSDT",1.273371939E9,3.1342,2.0,,,true,"2025-07-30T16:52:02.130000Z"
"XRPUSDT",1.27337194E9,3.1342,2.0,,,true,"2025-07-30T16:52:02.130000Z"
"XRPUSDT",1.273371941E9,3.1342,2.0,,,true,"2025-07-30T16:52:02.130000Z"
"XRPUSDT",1.273371942E9,3.1341,2.4,,,true,"2025-07-30T16:52:02.200000Z"
"XRPUSDT",1.273371943E9,3.1341,9.5,,,true,"2025-07-30T16:52:02.200000Z"
"XRPUSDT",1.273371944E9,3.1341,1.6,,,true,"2025-07-30T16:52:02.200000Z"
"XRPUSDT",1.273371945E9,3.1341,1.7,,,true,"2025-07-30T16:52:02.200000Z"
"XRPUSDT",1.273371946E9,3.1341,2.0,,,true,"2025-07-30T16:52:02.200000Z"
"XRPUSDT",1.273371947E9,3.1341,2.0,,,true,"2025-07-30T16:52:02.200000Z"
"XRPUSDT",1.273371948E9,3.1341,2.0,,,true,"2025-07-30T16:52:02.200000Z"
"XRPUSDT",1.273371949E9,3.1341,2.0,,,true,"2025-07-30T16:52:02.200000Z"
"XRPUSDT",1.27337195E9,3.1341,2.0,,,true,"2025-07-30T16:52:02.200000Z"
"XRPUSDT",1.273371951E9,3.134,3.3,,,true,"2025-07-30T16:52:02.200000Z"
"XRPUSDT",1.273371952E9,3.134,1.7,,,true,"2025-07-30T16:52:02.200000Z"
"XRPUSDT",1.273371953E9,3.134,1.8,,,true,"2025-07-30T16:52:02.200000Z"
"XRPUSDT",1.273371954E9,3.134,1.6,,,true,"2025-07-30T16:52:02.200000Z"
"XRPUSDT",1.273371955E9,3.134,1.7,,,true,"2025-07-30T16:52:02.200000Z"
"XRPUSDT",1.273371956E9,3.134,2.0,,,true,"2025-07-30T16:52:02.200000Z"
"XRPUSDT",1.273371957E9,3.134,2.0,,,true,"2025-07-30T16:52:02.200000Z"
"XRPUSDT",1.273371958E9,3.134,1.7,,,true,"2025-07-30T16:52:02.200000Z"
"XRPUSDT",1.273371959E9,3.134,2.0,,,true,"2025-07-30T16:52:02.200000Z"
"XRPUSDT",1.27337196E9,3.134,2.0,,,true,"2025-07-30T16:52:02.200000Z"
"XRPUSDT",1.273371961E9,3.1339,3.3,,,true,"2025-07-30T16:52:02.200000Z"
"XRPUSDT",1.273371962E9,3.1339,2.4,,,true,"2025-07-30T16:52:02.200000Z"
"XRPUSDT",1.273371963E9,3.1339,1.6,,,true,"2025-07-30T16:52:02.200000Z"
"XRPUSDT",1.273371964E9,3.1339,5.0,,,true,"2025-07-30T16:52:02.200000Z"
"XRPUSDT",1.273371965E9,3.1339,1.6,,,true,"2025-07-30T16:52:02.200000Z"
"XRPUSDT",1.273371966E9,3.1339,1.7,,,true,"2025-07-30T16:52:02.200000Z"
"XRPUSDT",1.273371967E9,3.1339,2.0,,,true,"2025-07-30T16:52:02.200000Z"
"XRPUSDT",1.273371968E9,3.1338,3.3,,,true,"2025-07-30T16:52:02.215000Z"
"XRPUSDT",1.273371969E9,3.1338,9.5,,,true,"2025-07-30T16:52:02.215000Z"
"XRPUSDT",1.27337197E9,3.1338,1.8,,,true,"2025-07-30T16:52:02.215000Z"
"XRPUSDT",1.273371971E9,3.1338,1.6,,,true,"2025-07-30T16:52:02.215000Z"
"XRPUSDT",1.273371972E9,3.1338,2.0,,,true,"2025-07-30T16:52:02.215000Z"
"XRPUSDT",1.273371973E9,3.1338,2.0,,,true,"2025-07-30T16:52:02.215000Z"
"XRPUSDT",1.273371974E9,3.1338,2.0,,,true,"2025-07-30T16:52:02.215000Z"
"XRPUSDT",1.273371975E9,3.1338,2.0,,,true,"2025-07-30T16:52:02.215000Z"
"XRPUSDT",1.273371976E9,3.1338,2.0,,,true,"2025-07-30T16:52:02.215000Z"
"XRPUSDT",1.273371977E9,3.1337,3.3,,,true,"2025-07-30T16:52:02.218000Z"
"XRPUSDT",1.273371978E9,3.1337,42.0,,,true,"2025-07-30T16:52:02.218000Z"
"XRPUSDT",1.273371979E9,3.1337,1.6,,,true,"2025-07-30T16:52:02.218000Z"
"XRPUSDT",1.27337198E9,3.1337,1.7,,,true,"2025-07-30T16:52:02.218000Z"
"XRPUSDT",1.273371981E9,3.1337,2.0,,,true,"2025-07-30T16:52:02.218000Z"
"XRPUSDT",1.273371982E9,3.1337,2.0,,,true,"2025-07-30T16:52:02.218000Z"
"XRPUSDT",1.273371983E9,3.1337,2.0,,,true,"2025-07-30T16:52:02.218000Z"
"XRPUSDT",1.273371984E9,3.1337,2.0,,,true,"2025-07-30T16:52:02.218000Z"
"XRPUSDT",1.273371985E9,3.1337,2.0,,,true,"2025-07-30T16:52:02.218000Z"
"XRPUSDT",1.273371986E9,3.1336,3.3,,,true,"2025-07-30T16:52:02.363000Z"
"XRPUSDT",1.273371987E9,3.1336,2.4,,,true,"2025-07-30T16:52:02.363000Z"
"XRPUSDT",1.273371988E9,3.1336,1.8,,,true,"2025-07-30T16:52:02.363000Z"
"XRPUSDT",1.273371989E9,3.1336,1.6,,,true,"2025-07-30T16:52:02.363000Z"
"XRPUSDT",1.27337199E9,3.1336,2.0,,,true,"2025-07-30T16:52:02.363000Z"
"XRPUSDT",1.273371991E9,3.1336,2.0,,,true,"2025-07-30T16:52:02.363000Z"
"XRPUSDT",1.273371992E9,3.1336,2.0,,,true,"2025-07-30T16:52:02.363000Z"
"XRPUSDT",1.273371993E9,3.1336,2.0,,,true,"2025-07-30T16:52:02.363000Z"
"XRPUSDT",1.273371994E9,3.1336,2.0,,,true,"2025-07-30T16:52:02.363000Z"
"XRPUSDT",1.273371995E9,3.1335,9.5,,,true,"2025-07-30T16:52:02.368000Z"
"XRPUSDT",1.273371996E9,3.1335,1.6,,,true,"2025-07-30T16:52:02.368000Z"
"XRPUSDT",1.273371997E9,3.1335,1.7,,,true,"2025-07-30T16:52:02.368000Z"
"XRPUSDT",1.273371998E9,3.1335,2.0,,,true,"2025-07-30T16:52:02.368000Z"
"XRPUSDT",1.273371999E9,3.1335,2.0,,,true,"2025-07-30T16:52:02.368000Z"
"XRPUSDT",1.273372E9,3.1335,2.0,,,true,"2025-07-30T16:52:02.368000Z"
"XRPUSDT",1.273372001E9,3.1335,2.0,,,true,"2025-07-30T16:52:02.368000Z"
"XRPUSDT",1.273372002E9,3.1335,2.0,,,true,"2025-07-30T16:52:02.368000Z"
"XRPUSDT",1.273372003E9,3.1334,3.3,,,true,"2025-07-30T16:52:02.368000Z"
"XRPUSDT",1.273372004E9,3.1334,1.6,,,true,"2025-07-30T16:52:02.368000Z"
"XRPUSDT",1.273372005E9,3.1334,1.7,,,true,"2025-07-30T16:52:02.368000Z"
"XRPUSDT",1.273372006E9,3.1334,2.0,,,true,"2025-07-30T16:52:02.368000Z"
"XRPUSDT",1.273372007E9,3.1334,2.0,,,true,"2025-07-30T16:52:02.368000Z"
"XRPUSDT",1.273372008E9,3.1334,2.0,,,true,"2025-07-30T16:52:02.368000Z"
"XRPUSDT",1.273372009E9,3.1333,3.3,,,true,"2025-07-30T16:52:02.368000Z"
"XRPUSDT",1.27337201E9,3.1333,2.4,,,true,"2025-07-30T16:52:02.368000Z"
"XRPUSDT",1.273372011E9,3.1333,1.6,,,true,"2025-07-30T16:52:02.368000Z"
"XRPUSDT",1.273372012E9,3.1333,2.0,,,true,"2025-07-30T16:52:02.368000Z"
"XRPUSDT",1.273372013E9,3.1333,1.7,,,true,"2025-07-30T16:52:02.368000Z"
"XRPUSDT",1.273372014E9,3.1332,1.6,,,true,"2025-07-30T16:52:02.368000Z"
"XRPUSDT",1.273372015E9,3.1332,1.7,,,true,"2025-07-30T16:52:02.368000Z"
"XRPUSDT",1.273372016E9,3.1332,3.3,,,true,"2025-07-30T16:52:02.368000Z"
"XRPUSDT",1.273372017E9,3.1332,1.8,,,true,"2025-07-30T16:52:02.368000Z"
"XRPUSDT",1.273372018E9,3.1332,1.8,,,true,"2025-07-30T16:52:02.368000Z"
"XRPUSDT",1.273372019E9,3.1332,9.5,,,true,"2025-07-30T16:52:02.368000Z"
"XRPUSDT",1.27337202E9,3.1332,5.0,,,true,"2025-07-30T16:52:02.368000Z"
"XRPUSDT",1.273372021E9,3.1332,1.7,,,true,"2025-07-30T16:52:02.368000Z"
"XRPUSDT",1.273372022E9,3.1332,1.6,,,true,"2025-07-30T16:52:02.368000Z"
"XRPUSDT",1.273372023E9,3.1332,319.2,,,true,"2025-07-30T16:52:02.368000Z"
"XRPUSDT",1.273372024E9,3.1332,2.0,,,true,"2025-07-30T16:52:02.368000Z"
"XRPUSDT",1.273372025E9,3.1332,634.2,,,true,"2025-07-30T16:52:02.368000Z"
"XRPUSDT",1.273372026E9,3.1332,1005.6,,,true,"2025-07-30T16:52:02.368000Z"
"XRPUSDT",1.273372027E9,3.1331,1.8,,,true,"2025-07-30T16:52:02.371000Z"
"XRPUSDT",1.273372028E9,3.1332,101.1,,,false,"2025-07-30T16:52:02.572000Z"
"XRPUSDT",1.273372029E9,3.1331,1.5,,,true,"2025-07-30T16:52:03.906000Z"
"XRPUSDT",1.27337203E9,3.1331,1.6,,,true,"2025-07-30T16:52:03.906000Z"
"XRPUSDT",1.273372031E9,3.1331,2.0,,,true,"2025-07-30T16:52:03.906000Z"
"XRPUSDT",1.273372032E9,3.1331,2.0,,,true,"2025-07-30T16:52:03.906000Z"
"XRPUSDT",1.273372033E9,3.1331,2.0,,,true,"2025-07-30T16:52:03.906000Z"
"XRPUSDT",1.273372034E9,3.1331,2.0,,,true,"2025-07-30T16:52:03.906000Z"
"XRPUSDT",1.273372035E9,3.1331,323.9,,,true,"2025-07-30T16:52:03.906000Z"
"XRPUSDT",1.273372036E9,3.1332,1.6,,,false,"2025-07-30T16:52:03.940000Z"
"XRPUSDT",1.273372037E9,3.1332,2.0,,,false,"2025-07-30T16:52:03.940000Z"
"XRPUSDT",1.273372038E9,3.1332,2.0,,,false,"2025-07-30T16:52:03.940000Z"
"XRPUSDT",1.273372039E9,3.1332,2.0,,,false,"2025-07-30T16:52:03.940000Z"
"XRPUSDT",1.27337204E9,3.1332,9.4,,,false,"2025-07-30T16:52:03.940000Z"
"XRPUSDT",1.273372041E9,3.1332,15.0,,,false,"2025-07-30T16:52:04.208000Z"
"XRPUSDT",1.273372042E9,3.1331,476.7,,,true,"2025-07-30T16:52:05.669000Z"
"XRPUSDT",1.273372043E9,3.1331,1.9,,,true,"2025-07-30T16:52:05.726000Z"
"XRPUSDT",1.273372044E9,3.1332,47.9,,,false,"2025-07-30T16:52:07.682000Z"
"XRPUSDT",1.273372045E9,3.1332,42.9,,,false,"2025-07-30T16:52:07.682000Z"
"XRPUSDT",1.273372046E9,3.1332,1.7,,,false,"2025-07-30T16:52:07.682000Z"
"XRPUSDT",1.273372047E9,3.1332,2.0,,,false,"2025-07-30T16:52:07.682000Z"
"XRPUSDT",1.273372048E9,3.1332,1.3,,,false,"2025-07-30T16:52:07.682000Z"
"XRPUSDT",1.273372049E9,3.1332,47.9,,,false,"2025-07-30T16:52:07.682000Z"
"XRPUSDT",1.27337205E9,3.1332,63.9,,,false,"2025-07-30T16:52:07.682000Z"
"XRPUSDT",1.273372051E9,3.1332,31.9,,,false,"2025-07-30T16:52:07.682000Z"
"XRPUSDT",1.273372052E9,3.1332,63.9,,,false,"2025-07-30T16:52:07.682000Z"
"XRPUSDT",1.273372053E9,3.1332,31.9,,,false,"2025-07-30T16:52:07.682000Z"
"XRPUSDT",1.273372054E9,3.1332,9.1,,,false,"2025-07-30T16:52:07.682000Z"
"XRPUSDT",1.273372055E9,3.1332,16.4,,,false,"2025-07-30T16:52:07.682000Z"
"XRPUSDT",1.273372056E9,3.1332,31.9,,,false,"2025-07-30T16:52:07.683000Z"
"XRPUSDT",1.273372057E9,3.1332,31.9,,,false,"2025-07-30T16:52:07.683000Z"
"XRPUSDT",1.273372058E9,3.1332,25.5,,,false,"2025-07-30T16:52:07.683000Z"
"XRPUSDT",1.273372059E9,3.1332,25.5,,,false,"2025-07-30T16:52:07.683000Z"
"XRPUSDT",1.27337206E9,3.1332,31.9,,,false,"2025-07-30T16:52:07.683000Z"
"XRPUSDT",1.273372061E9,3.1332,63.9,,,false,"2025-07-30T16:52:07.683000Z"
"XRPUSDT",1.273372062E9,3.1332,31.9,,,false,"2025-07-30T16:52:07.683000Z"
"XRPUSDT",1.273372063E9,3.1332,31.9,,,false,"2025-07-30T16:52:07.683000Z"
"XRPUSDT",1.273372064E9,3.1332,31.9,,,false,"2025-07-30T16:52:07.683000Z"
"XRPUSDT",1.273372065E9,3.1331,2.8,,,true,"2025-07-30T16:52:08.256000Z"
"XRPUSDT",1.273372066E9,3.1332,400.0,,,false,"2025-07-30T16:52:08.447000Z"
"XRPUSDT",1.273372067E9,3.1332,2077.3,,,false,"2025-07-30T16:52:09.512000Z"
"XRPUSDT",1.273372068E9,3.1332,2.0,,,false,"2025-07-30T16:52:09.512000Z"
"XRPUSDT",1.273372069E9,3.1332,1.6,,,false,"2025-07-30T16:52:09.512000Z"
"XRPUSDT",1.27337207E9,3.1332,2.0,,,false,"2025-07-30T16:52:09.512000Z"
"XRPUSDT",1.273372071E9,3.1332,2.0,,,false,"2025-07-30T16:52:09.512000Z"
"XRPUSDT",1.273372072E9,3.1332,1247.4,,,false,"2025-07-30T16:52:09.512000Z"
"XRPUSDT",1.273372073E9,3.1332,1.7,,,false,"2025-07-30T16:52:09.512000Z"
"XRPUSDT",1.273372074E9,3.1332,2.0,,,false,"2025-07-30T16:52:09.512000Z"
"XRPUSDT",1.273372075E9,3.1332,16.3,,,false,"2025-07-30T16:52:09.512000Z"
"XRPUSDT",1.273372076E9,3.1333,1.6,,,false,"2025-07-30T16:52:09.517000Z"
"XRPUSDT",1.273372077E9,3.1333,2.0,,,false,"2025-07-30T16:52:09.517000Z"
"XRPUSDT",1.273372078E9,3.1333,2.0,,,false,"2025-07-30T16:52:09.517000Z"
"XRPUSDT",1.273372079E9,3.1333,1.7,,,false,"2025-07-30T16:52:09.517000Z"
"XRPUSDT",1.27337208E9,3.1333,2.0,,,false,"2025-07-30T16:52:09.517000Z"
"XRPUSDT",1.273372081E9,3.1333,2.0,,,false,"2025-07-30T16:52:09.517000Z"
"XRPUSDT",1.273372082E9,3.1333,52.7,,,false,"2025-07-30T16:52:09.517000Z"
"XRPUSDT",1.273372083E9,3.1333,63.9,,,false,"2025-07-30T16:52:09.517000Z"
"XRPUSDT",1.273372084E9,3.1333,25.5,,,false,"2025-07-30T16:52:09.517000Z"
"XRPUSDT",1.273372085E9,3.1333,25.5,,,false,"2025-07-30T16:52:09.517000Z"
"XRPUSDT",1.273372086E9,3.1333,25.5,,,false,"2025-07-30T16:52:09.518000Z"
"XRPUSDT",1.273372087E9,3.1333,306.9,,,false,"2025-07-30T16:52:09.520000Z"
"XRPUSDT",1.273372088E9,3.1333,2.0,,,false,"2025-07-30T16:52:09.520000Z"
"XRPUSDT",1.273372089E9,3.1333,2.0,,,false,"2025-07-30T16:52:09.520000Z"
"XRPUSDT",1.27337209E9,3.1333,2.0,,,false,"2025-07-30T16:52:09.520000Z"
"XRPUSDT",1.273372091E9,3.1333,1.7,,,false,"2025-07-30T16:52:09.520000Z"
"XRPUSDT",1.273372092E9,3.1333,1.6,,,false,"2025-07-30T16:52:09.520000Z"
"XRPUSDT",1.273372093E9,3.1333,2.0,,,false,"2025-07-30T16:52:09.520000Z"
"XRPUSDT",1.273372094E9,3.1334,1.6,,,false,"2025-07-30T16:52:09.521000Z"
"XRPUSDT",1.273372095E9,3.1334,2.0,,,false,"2025-07-30T16:52:09.521000Z"
"XRPUSDT",1.273372096E9,3.1334,2.0,,,false,"2025-07-30T16:52:09.521000Z"
"XRPUSDT",1.273372097E9,3.1334,2.0,,,false,"2025-07-30T16:52:09.521000Z"
"XRPUSDT",1.273372098E9,3.1334,2.0,,,false,"2025-07-30T16:52:09.521000Z"
"XRPUSDT",1.273372099E9,3.1334,2.0,,,false,"2025-07-30T16:52:09.521000Z"
"XRPUSDT",1.2733721E9,3.1335,1.6,,,false,"2025-07-30T16:52:09.523000Z"
"XRPUSDT",1.273372101E9,3.1335,2.0,,,false,"2025-07-30T16:52:09.523000Z"
"XRPUSDT",1.273372102E9,3.1335,3.3,,,false,"2025-07-30T16:52:09.523000Z"
"XRPUSDT",1.273372103E9,3.1335,2.0,,,false,"2025-07-30T16:52:09.523000Z"
"XRPUSDT",1.273372104E9,3.1335,2.0,,,false,"2025-07-30T16:52:09.523000Z"
"XRPUSDT",1.273372105E9,3.1335,1.7,,,false,"2025-07-30T16:52:09.523000Z"
"XRPUSDT",1.273372106E9,3.1335,2.0,,,false,"2025-07-30T16:52:09.523000Z"
"XRPUSDT",1.273372107E9,3.1335,2.0,,,false,"2025-07-30T16:52:09.523000Z"
"XRPUSDT",1.273372108E9,3.1335,2.0,,,false,"2025-07-30T16:52:09.523000Z"
"XRPUSDT",1.273372109E9,3.1336,1.6,,,false,"2025-07-30T16:52:09.523000Z"
"XRPUSDT",1.27337211E9,3.1336,2.0,,,false,"2025-07-30T16:52:09.523000Z"
"XRPUSDT",1.273372111E9,3.1336,3.3,,,false,"2025-07-30T16:52:09.523000Z"
"XRPUSDT",1.273372112E9,3.1336,2.0,,,false,"2025-07-30T16:52:09.523000Z"
"XRPUSDT",1.273372113E9,3.1336,2.0,,,false,"2025-07-30T16:52:09.523000Z"
"XRPUSDT",1.273372114E9,3.1336,1.7,,,false,"2025-07-30T16:52:09.523000Z"
"XRPUSDT",1.273372115E9,3.1337,0.7,,,false,"2025-07-30T16:52:09.523000Z"
"XRPUSDT",1.273372116E9,3.1337,0.9,,,false,"2025-07-30T16:52:09.523000Z"
"XRPUSDT",1.273372117E9,3.1337,3.3,,,false,"2025-07-30T16:52:09.523000Z"
"XRPUSDT",1.273372118E9,3.1337,3.4,,,false,"2025-07-30T16:52:09.523000Z"
"XRPUSDT",1.273372119E9,3.1337,1.7,,,false,"2025-07-30T16:52:09.523000Z"
"XRPUSDT",1.27337212E9,3.1337,2.0,,,false,"2025-07-30T16:52:09.523000Z"
"XRPUSDT",1.273372121E9,3.1338,1.6,,,false,"2025-07-30T16:52:09.523000Z"
"XRPUSDT",1.273372122E9,3.1338,19.0,,,false,"2025-07-30T16:52:09.523000Z"
"XRPUSDT",1.273372123E9,3.1338,31.9,,,false,"2025-07-30T16:52:09.523000Z"
"XRPUSDT",1.273372124E9,3.1338,3.3,,,false,"2025-07-30T16:52:10.916000Z"
"XRPUSDT",1.273372125E9,3.1338,1.7,,,false,"2025-07-30T16:52:10.916000Z"
"XRPUSDT",1.273372126E9,3.1338,2.0,,,false,"2025-07-30T16:52:10.916000Z"
"XRPUSDT",1.273372127E9,3.1338,1.6,,,false,"2025-07-30T16:52:10.916000Z"
"XRPUSDT",1.273372128E9,3.1338,2.0,,,false,"2025-07-30T16:52:10.916000Z"
"XRPUSDT",1.273372129E9,3.1338,2.0,,,false,"2025-07-30T16:52:10.916000Z"
"XRPUSDT",1.27337213E9,3.1338,2.0,,,false,"2025-07-30T16:52:10.916000Z"
"XRPUSDT",1.273372131E9,3.1338,17.3,,,false,"2025-07-30T16:52:10.916000Z"
"XRPUSDT",1.273372132E9,3.1338,31.9,,,false,"2025-07-30T16:52:10.916000Z"
"XRPUSDT",1.273372133E9,3.1338,25.5,,,false,"2025-07-30T16:52:10.916000Z"
"XRPUSDT",1.273372134E9,3.1338,31.9,,,false,"2025-07-30T16:52:10.916000Z"
"XRPUSDT",1.273372135E9,3.1338,25.5,,,false,"2025-07-30T16:52:10.916000Z"
"XRPUSDT",1.273372136E9,3.1338,63.9,,,false,"2025-07-30T16:52:10.916000Z"
"XRPUSDT",1.273372137E9,3.1338,25.5,,,false,"2025-07-30T16:52:10.916000Z"
"XRPUSDT",1.273372138E9,3.1338,47.9,,,false,"2025-07-30T16:52:10.916000Z"
"XRPUSDT",1.273372139E9,3.1338,47.9,,,false,"2025-07-30T16:52:10.916000Z"
"XRPUSDT",1.27337214E9,3.1338,31.9,,,false,"2025-07-30T16:52:10.916000Z"
"XRPUSDT",1.273372141E9,3.1338,63.9,,,false,"2025-07-30T16:52:10.916000Z"
"XRPUSDT",1.273372142E9,3.1338,47.9,,,false,"2025-07-30T16:52:10.917000Z"
"XRPUSDT",1.273372143E9,3.1338,63.9,,,false,"2025-07-30T16:52:10.917000Z"
"XRPUSDT",1.273372144E9,3.1338,7.9,,,false,"2025-07-30T16:52:12.223000Z"
"XRPUSDT",1.273372145E9,3.1338,6.0,,,false,"2025-07-30T16:52:12.329000Z"
"XRPUSDT",1.273372146E9,3.1338,6.0,,,false,"2025-07-30T16:52:16.075000Z"
"XRPUSDT",1.273372147E9,3.1337,375.8,,,true,"2025-07-30T16:52:16.189000Z"
"XRPUSDT",1.273372148E9,3.1338,36.8,,,false,"2025-07-30T16:52:16.191000Z"
"XRPUSDT",1.273372149E9,3.1337,7.0,,,true,"2025-07-30T16:52:16.673000Z"
"XRPUSDT",1.27337215E9,3.1337,6.0,,,true,"2025-07-30T16:52:17.296000Z"
"XRPUSDT",1.273372151E9,3.1338,18.3,,,false,"2025-07-30T16:52:18.103000Z"
"XRPUSDT",1.273372152E9,3.1338,5.3,,,false,"2025-07-30T16:52:18.119000Z"
"XRPUSDT",1.273372153E9,3.1337,5.4,,,true,"2025-07-30T16:52:19.241000Z"
"XRPUSDT",1.273372154E9,3.1338,15.9,,,false,"2025-07-30T16:52:19.249000Z"
"XRPUSDT",1.273372155E9,3.1338,2133.9,,,false,"2025-07-30T16:52:19.251000Z"
"XRPUSDT",1.273372156E9,3.1338,2.0,,,false,"2025-07-30T16:52:19.251000Z"
"XRPUSDT",1.273372157E9,3.1338,1.7,,,false,"2025-07-30T16:52:19.251000Z"
"XRPUSDT",1.273372158E9,3.1338,1.6,,,false,"2025-07-30T16:52:19.251000Z"
"XRPUSDT",1.273372159E9,3.1338,2.0,,,false,"2025-07-30T16:52:19.251000Z"
"XRPUSDT",1.27337216E9,3.1338,2.0,,,false,"2025-07-30T16:52:19.251000Z"
"XRPUSDT",1.273372161E9,3.1338,2.0,,,false,"2025-07-30T16:52:19.251000Z"
"XRPUSDT",1.273372162E9,3.1338,500.0,,,false,"2025-07-30T16:52:19.251000Z"
"XRPUSDT",1.273372163E9,3.1338,31.6,,,false,"2025-07-30T16:52:19.251000Z"
"XRPUSDT",1.273372164E9,3.1338,4.9,,,false,"2025-07-30T16:52:19.251000Z"
"XRPUSDT",1.273372165E9,3.1338,48.3,,,false,"2025-07-30T16:52:19.251000Z"
"XRPUSDT",1.273372166E9,3.1339,1.6,,,false,"2025-07-30T16:52:19.253000Z"
"XRPUSDT",1.273372167E9,3.1339,1.6,,,false,"2025-07-30T16:52:19.253000Z"
"XRPUSDT",1.273372168E9,3.1339,1.7,,,false,"2025-07-30T16:52:19.253000Z"
"XRPUSDT",1.273372169E9,3.1339,2.0,,,false,"2025-07-30T16:52:19.253000Z"
"XRPUSDT",1.27337217E9,3.1339,2.0,,,false,"2025-07-30T16:52:19.253000Z"
"XRPUSDT",1.273372171E9,3.1339,2.0,,,false,"2025-07-30T16:52:19.253000Z"
"XRPUSDT",1.273372172E9,3.1339,2.0,,,false,"2025-07-30T16:52:19.253000Z"
"XRPUSDT",1.273372173E9,3.1339,2.0,,,false,"2025-07-30T16:52:19.253000Z"
"XRPUSDT",1.273372174E9,3.134,3.3,,,false,"2025-07-30T16:52:19.253000Z"
"XRPUSDT",1.273372175E9,3.134,1.8,,,false,"2025-07-30T16:52:19.253000Z"
"XRPUSDT",1.273372176E9,3.134,1.6,,,false,"2025-07-30T16:52:19.253000Z"
"XRPUSDT",1.273372177E9,3.134,1.7,,,false,"2025-07-30T16:52:19.253000Z"
"XRPUSDT",1.273372178E9,3.134,2.0,,,false,"2025-07-30T16:52:19.253000Z"
"XRPUSDT",1.273372179E9,3.134,2.0,,,false,"2025-07-30T16:52:19.253000Z"
"XRPUSDT",1.27337218E9,3.134,2.0,,,false,"2025-07-30T16:52:19.253000Z"
"XRPUSDT",1.273372181E9,3.134,2.0,,,false,"2025-07-30T16:52:19.253000Z"
"XRPUSDT",1.273372182E9,3.134,2.0,,,false,"2025-07-30T16:52:19.253000Z"
"XRPUSDT",1.273372183E9,3.1341,3.3,,,false,"2025-07-30T16:52:19.253000Z"
"XRPUSDT",1.273372184E9,3.1341,1.7,,,false,"2025-07-30T16:52:19.253000Z"
"XRPUSDT",1.273372185E9,3.1341,1.6,,,false,"2025-07-30T16:52:19.253000Z"
"XRPUSDT",1.273372186E9,3.1341,2.0,,,false,"2025-07-30T16:52:19.253000Z"
"XRPUSDT",1.273372187E9,3.1341,150.0,,,false,"2025-07-30T16:52:19.253000Z"
"XRPUSDT",1.273372188E9,3.1341,1.7,,,false,"2025-07-30T16:52:19.253000Z"
"XRPUSDT",1.273372189E9,3.1341,2.0,,,false,"2025-07-30T16:52:19.253000Z"
"XRPUSDT",1.27337219E9,3.1342,3.3,,,false,"2025-07-30T16:52:19.253000Z"
"XRPUSDT",1.273372191E9,3.1342,1.1,,,false,"2025-07-30T16:52:19.253000Z"
"XRPUSDT",1.273372192E9,3.1342,3.9,,,false,"2025-07-30T16:52:19.253000Z"
"XRPUSDT",1.273372193E9,3.1342,1.6,,,false,"2025-07-30T16:52:19.253000Z"
"XRPUSDT",1.273372194E9,3.1342,2.0,,,false,"2025-07-30T16:52:19.253000Z"
"XRPUSDT",1.273372195E9,3.1342,2.0,,,false,"2025-07-30T16:52:19.253000Z"
"XRPUSDT",1.273372196E9,3.1342,2.0,,,false,"2025-07-30T16:52:19.253000Z"
"XRPUSDT",1.273372197E9,3.1342,788.5,,,false,"2025-07-30T16:52:19.253000Z"
"XRPUSDT",1.273372198E9,3.1342,400.0,,,false,"2025-07-30T16:52:19.253000Z"
"XRPUSDT",1.273372199E9,3.1342,1.8,,,false,"2025-07-30T16:52:19.300000Z"
"XRPUSDT",1.2733722E9,3.1342,1.7,,,false,"2025-07-30T16:52:19.300000Z"
"XRPUSDT",1.273372201E9,3.1342,2.0,,,false,"2025-07-30T16:52:19.300000Z"
"XRPUSDT",1.273372202E9,3.1342,2.0,,,false,"2025-07-30T16:52:19.300000Z"
"XRPUSDT",1.273372203E9,3.1342,2.0,,,false,"2025-07-30T16:52:19.300000Z"
"XRPUSDT",1.273372204E9,3.1342,1.6,,,false,"2025-07-30T16:52:19.300000Z"
"XRPUSDT",1.273372205E9,3.1342,2.0,,,false,"2025-07-30T16:52:19.300000Z"
"XRPUSDT",1.273372206E9,3.1342,24.1,,,false,"2025-07-30T16:52:19.300000Z"
"XRPUSDT",1.273372207E9,3.1342,2.0,,,false,"2025-07-30T16:52:19.300000Z"
"XRPUSDT",1.273372208E9,3.1343,3.3,,,false,"2025-07-30T16:52:19.344000Z"
"XRPUSDT",1.273372209E9,3.1343,1.6,,,false,"2025-07-30T16:52:19.344000Z"
"XRPUSDT",1.27337221E9,3.1343,1.7,,,false,"2025-07-30T16:52:19.344000Z"
"XRPUSDT",1.273372211E9,3.1343,2.0,,,false,"2025-07-30T16:52:19.344000Z"
"XRPUSDT",1.273372212E9,3.1343,2.0,,,false,"2025-07-30T16:52:19.344000Z"
"XRPUSDT",1.273372213E9,3.1343,2.0,,,false,"2025-07-30T16:52:19.344000Z"
"XRPUSDT",1.273372214E9,3.1343,2.0,,,false,"2025-07-30T16:52:19.344000Z"
"XRPUSDT",1.273372215E9,3.1343,105.7,,,false,"2025-07-30T16:52:19.344000Z"
"XRPUSDT",1.273372216E9,3.1343,1459.3,,,false,"2025-07-30T16:52:20.273000Z"
"XRPUSDT",1.273372217E9,3.1343,1213.0,,,false,"2025-07-30T16:52:20.274000Z"
"XRPUSDT",1.273372218E9,3.1343,2.0,,,false,"2025-07-30T16:52:20.274000Z"
"XRPUSDT",1.273372219E9,3.1343,1.7,,,false,"2025-07-30T16:52:20.274000Z"
"XRPUSDT",1.27337222E9,3.1343,1.6,,,false,"2025-07-30T16:52:20.274000Z"
"XRPUSDT",1.273372221E9,3.1343,2.0,,,false,"2025-07-30T16:52:20.274000Z"
"XRPUSDT",1.273372222E9,3.1343,2.0,,,false,"2025-07-30T16:52:20.274000Z"
"XRPUSDT",1.273372223E9,3.1343,2.0,,,false,"2025-07-30T16:52:20.274000Z"
"XRPUSDT",1.273372224E9,3.1343,10.8,,,false,"2025-07-30T16:52:20.274000Z"
"XRPUSDT",1.273372225E9,3.1343,1.9,,,false,"2025-07-30T16:52:20.274000Z"
"XRPUSDT",1.273372226E9,3.1344,1.8,,,false,"2025-07-30T16:52:20.278000Z"
"XRPUSDT",1.273372227E9,3.1344,9.5,,,false,"2025-07-30T16:52:20.278000Z"
"XRPUSDT",1.273372228E9,3.1344,1.6,,,false,"2025-07-30T16:52:20.278000Z"
"XRPUSDT",1.273372229E9,3.1344,1.7,,,false,"2025-07-30T16:52:20.278000Z"
"XRPUSDT",1.27337223E9,3.1344,2.0,,,false,"2025-07-30T16:52:20.278000Z"
"XRPUSDT",1.273372231E9,3.1344,2.0,,,false,"2025-07-30T16:52:20.278000Z"
"XRPUSDT",1.273372232E9,3.1344,2.0,,,false,"2025-07-30T16:52:20.278000Z"
"XRPUSDT",1.273372233E9,3.1345,3.3,,,false,"2025-07-30T16:52:20.279000Z"
"XRPUSDT",1.273372234E9,3.1345,1.6,,,false,"2025-07-30T16:52:20.279000Z"
"XRPUSDT",1.273372235E9,3.1345,1.7,,,false,"2025-07-30T16:52:20.279000Z"
"XRPUSDT",1.273372236E9,3.1345,2.0,,,false,"2025-07-30T16:52:20.279000Z"
"XRPUSDT",1.273372237E9,3.1345,1206.9,,,false,"2025-07-30T16:52:20.279000Z"
"XRPUSDT",1.273372238E9,3.1346,1.6,,,false,"2025-07-30T16:52:20.279000Z"
"XRPUSDT",1.273372239E9,3.1346,3.3,,,false,"2025-07-30T16:52:20.279000Z"
"XRPUSDT",1.27337224E9,3.1346,1.7,,,false,"2025-07-30T16:52:20.279000Z"
"XRPUSDT",1.273372241E9,3.1346,1.8,,,false,"2025-07-30T16:52:20.279000Z"
"XRPUSDT",1.273372242E9,3.1346,1.6,,,false,"2025-07-30T16:52:20.279000Z"
"XRPUSDT",1.273372243E9,3.1346,1.7,,,false,"2025-07-30T16:52:20.279000Z"
"XRPUSDT",1.273372244E9,3.1346,2.0,,,false,"2025-07-30T16:52:20.279000Z"
"XRPUSDT",1.273372245E9,3.1346,17.3,,,false,"2025-07-30T16:52:20.279000Z"
"XRPUSDT",1.273372246E9,3.1346,3.8,,,false,"2025-07-30T16:52:20.287000Z"
"XRPUSDT",1.273372247E9,3.1346,1222.1,,,false,"2025-07-30T16:52:20.287000Z"
"XRPUSDT",1.273372248E9,3.1347,3.3,,,false,"2025-07-30T16:52:20.287000Z"
"XRPUSDT",1.273372249E9,3.1347,9.5,,,false,"2025-07-30T16:52:20.287000Z"
"XRPUSDT",1.27337225E9,3.1347,1.6,,,false,"2025-07-30T16:52:20.287000Z"
"XRPUSDT",1.273372251E9,3.1347,7.3,,,false,"2025-07-30T16:52:20.287000Z"
"XRPUSDT",1.273372252E9,3.1347,2.0,,,false,"2025-07-30T16:52:20.287000Z"
"XRPUSDT",1.273372253E9,3.1347,1206.9,,,false,"2025-07-30T16:52:20.287000Z"
"XRPUSDT",1.273372254E9,3.1347,1.7,,,false,"2025-07-30T16:52:20.287000Z"
"XRPUSDT",1.273372255E9,3.1348,2.4,,,false,"2025-07-30T16:52:20.287000Z"
"XRPUSDT",1.273372256E9,3.1348,3.3,,,false,"2025-07-30T16:52:20.287000Z"
"XRPUSDT",1.273372257E9,3.1348,1.8,,,false,"2025-07-30T16:52:20.287000Z"
"XRPUSDT",1.273372258E9,3.1348,1.6,,,false,"2025-07-30T16:52:20.287000Z"
"XRPUSDT",1.273372259E9,3.1348,5.0,,,false,"2025-07-30T16:52:20.287000Z"
"XRPUSDT",1.27337226E9,3.1348,790.6,,,false,"2025-07-30T16:52:20.287000Z"
"XRPUSDT",1.273372261E9,3.1348,1.7,,,false,"2025-07-30T16:52:20.290000Z"
"XRPUSDT",1.273372262E9,3.1348,2.0,,,false,"2025-07-30T16:52:20.290000Z"
"XRPUSDT",1.273372263E9,3.1349,3.3,,,false,"2025-07-30T16:52:20.290000Z"
"XRPUSDT",1.273372264E9,3.1349,24.9,,,false,"2025-07-30T16:52:20.290000Z"
"XRPUSDT",1.273372265E9,3.1349,47.9,,,false,"2025-07-30T16:52:20.292000Z"
"XRPUSDT",1.273372266E9,3.1349,494.6,,,false,"2025-07-30T16:52:20.293000Z"
"XRPUSDT",1.273372267E9,3.1349,1.7,,,false,"2025-07-30T16:52:20.293000Z"
"XRPUSDT",1.273372268E9,3.1349,1.6,,,false,"2025-07-30T16:52:20.293000Z"
"XRPUSDT",1.273372269E9,3.1349,748.6,,,false,"2025-07-30T16:52:20.293000Z"
"XRPUSDT",1.27337227E9,3.1349,25.5,,,false,"2025-07-30T16:52:20.293000Z"
"XRPUSDT",1.273372271E9,3.1349,432.8,,,false,"2025-07-30T16:52:20.294000Z"
"XRPUSDT",1.273372272E9,3.1349,3.4,,,false,"2025-07-30T16:52:20.294000Z"
"XRPUSDT",1.273372273E9,3.1349,1.7,,,false,"2025-07-30T16:52:20.294000Z"
"XRPUSDT",1.273372274E9,3.135,3.3,,,false,"2025-07-30T16:52:20.294000Z"
"XRPUSDT",1.273372275E9,3.135,9.5,,,false,"2025-07-30T16:52:20.294000Z"
"XRPUSDT",1.273372276E9,3.135,1.8,,,false,"2025-07-30T16:52:20.294000Z"
"XRPUSDT",1.273372277E9,3.135,15.9,,,false,"2025-07-30T16:52:20.294000Z"
"XRPUSDT",1.273372278E9,3.135,1.6,,,false,"2025-07-30T16:52:20.294000Z"
"XRPUSDT",1.273372279E9,3.135,3.4,,,false,"2025-07-30T16:52:20.294000Z"
"XRPUSDT",1.27337228E9,3.135,1.7,,,false,"2025-07-30T16:52:20.294000Z"
"XRPUSDT",1.273372281E9,3.135,2.0,,,false,"2025-07-30T16:52:20.294000Z"
"XRPUSDT",1.273372282E9,3.135,1.7,,,false,"2025-07-30T16:52:20.294000Z"
"XRPUSDT",1.273372283E9,3.1351,2.4,,,false,"2025-07-30T16:52:20.295000Z"
"XRPUSDT",1.273372284E9,3.1351,3.3,,,false,"2025-07-30T16:52:20.295000Z"
"XRPUSDT",1.273372285E9,3.1351,58.1,,,false,"2025-07-30T16:52:20.295000Z"
"XRPUSDT",1.273372286E9,3.1351,3252.3,,,false,"2025-07-30T16:52:20.296000Z"
"XRPUSDT",1.273372287E9,3.1351,297.5,,,false,"2025-07-30T16:52:20.296000Z"
"XRPUSDT",1.273372288E9,3.1351,452.6,,,false,"2025-07-30T16:52:20.298000Z"
"XRPUSDT",1.273372289E9,3.1351,390.5,,,false,"2025-07-30T16:52:20.298000Z"
"XRPUSDT",1.27337229E9,3.1351,1.6,,,false,"2025-07-30T16:52:20.298000Z"
"XRPUSDT",1.273372291E9,3.1351,1222.1,,,false,"2025-07-30T16:52:20.298000Z"
"XRPUSDT",1.273372292E9,3.1352,3.3,,,false,"2025-07-30T16:52:20.298000Z"
"XRPUSDT",1.273372293E9,3.1352,1.7,,,false,"2025-07-30T16:52:20.298000Z"
"XRPUSDT",1.273372294E9,3.1352,8.2,,,false,"2025-07-30T16:52:20.298000Z"
"XRPUSDT",1.273372295E9,3.1352,1.8,,,false,"2025-07-30T16:52:20.298000Z"
"XRPUSDT",1.273372296E9,3.1352,48.8,,,false,"2025-07-30T16:52:20.298000Z"
"XRPUSDT",1.273372297E9,3.1352,31.9,,,false,"2025-07-30T16:52:20.298000Z"
"XRPUSDT",1.273372298E9,3.1353,1.6,,,false,"2025-07-30T16:52:20.300000Z"
"XRPUSDT",1.273372299E9,3.1353,3.3,,,false,"2025-07-30T16:52:20.300000Z"
"XRPUSDT",1.2733723E9,3.1353,43.0,,,false,"2025-07-30T16:52:20.300000Z"
"XRPUSDT",1.273372301E9,3.1351,655.3,,,false,"2025-07-30T16:52:20.302000Z"
"XRPUSDT",1.273372302E9,3.1351,54.0,,,false,"2025-07-30T16:52:20.304000Z"
"XRPUSDT",1.273372303E9,3.1351,512.8,,,false,"2025-07-30T16:52:20.306000Z"
"XRPUSDT",1.273372304E9,3.1351,1.7,,,false,"2025-07-30T16:52:20.306000Z"
"XRPUSDT",1.273372305E9,3.1351,1.7,,,false,"2025-07-30T16:52:20.306000Z"
"XRPUSDT",1.273372306E9,3.1352,2.0,,,false,"2025-07-30T16:52:20.330000Z"
"XRPUSDT",1.273372307E9,3.1352,1.7,,,false,"2025-07-30T16:52:20.330000Z"
"XRPUSDT",1.273372308E9,3.1352,1.6,,,false,"2025-07-30T16:52:20.330000Z"
"XRPUSDT",1.273372309E9,3.1352,2.0,,,false,"2025-07-30T16:52:20.330000Z"
"XRPUSDT",1.27337231E9,3.1352,2.0,,,false,"2025-07-30T16:52:20.330000Z"
"XRPUSDT",1.273372311E9,3.1352,21.0,,,true,"2025-07-30T16:52:20.338000Z"
"XRPUSDT",1.273372312E9,3.1353,9.5,,,false,"2025-07-30T16:52:20.422000Z"
"XRPUSDT",1.273372313E9,3.1353,1.6,,,false,"2025-07-30T16:52:20.422000Z"
"XRPUSDT",1.273372314E9,3.1353,1.7,,,false,"2025-07-30T16:52:20.422000Z"
"XRPUSDT",1.273372315E9,3.1353,2.0,,,false,"2025-07-30T16:52:20.422000Z"
"XRPUSDT",1.273372316E9,3.1353,1.6,,,false,"2025-07-30T16:52:20.422000Z"
"XRPUSDT",1.273372317E9,3.1353,2.0,,,false,"2025-07-30T16:52:20.422000Z"
"XRPUSDT",1.273372318E9,3.1353,2.0,,,false,"2025-07-30T16:52:20.422000Z"
"XRPUSDT",1.273372319E9,3.1353,1.7,,,false,"2025-07-30T16:52:20.422000Z"
"XRPUSDT",1.27337232E9,3.1353,2.0,,,false,"2025-07-30T16:52:20.422000Z"
"XRPUSDT",1.273372321E9,3.1353,5.4,,,false,"2025-07-30T16:52:20.422000Z"
"XRPUSDT",1.273372322E9,3.1353,1258.2,,,false,"2025-07-30T16:52:20.422000Z"
"XRPUSDT",1.273372323E9,3.1352,15.9,,,true,"2025-07-30T16:52:20.629000Z"
"XRPUSDT",1.273372324E9,3.1353,2.0,,,false,"2025-07-30T16:52:20.647000Z"
"XRPUSDT",1.273372325E9,3.1353,4.9,,,false,"2025-07-30T16:52:20.647000Z"
"XRPUSDT",1.273372326E9,3.1353,3.2,,,false,"2025-07-30T16:52:20.649000Z"
"XRPUSDT",1.273372327E9,3.1352,115.2,,,true,"2025-07-30T16:52:21.454000Z"
"XRPUSDT",1.273372328E9,3.1352,856.8,,,true,"2025-07-30T16:52:21.454000Z"
"XRPUSDT",1.273372329E9,3.1352,1.6,,,true,"2025-07-30T16:52:21.454000Z"
"XRPUSDT",1.27337233E9,3.1352,2.0,,,true,"2025-07-30T16:52:21.454000Z"
"XRPUSDT",1.273372331E9,3.1352,2.0,,,true,"2025-07-30T16:52:21.454000Z"
"XRPUSDT",1.273372332E9,3.1352,2.0,,,true,"2025-07-30T16:52:21.454000Z"
"XRPUSDT",1.273372333E9,3.1352,2.0,,,true,"2025-07-30T16:52:21.454000Z"
"XRPUSDT",1.273372334E9,3.1352,193.8,,,true,"2025-07-30T16:52:21.454000Z"
"XRPUSDT",1.273372335E9,3.1352,349.8,,,true,"2025-07-30T16:52:21.454000Z"
"XRPUSDT",1.273372336E9,3.1352,1.7,,,true,"2025-07-30T16:52:21.454000Z"
"XRPUSDT",1.273372337E9,3.1352,2.0,,,true,"2025-07-30T16:52:21.454000Z"
"XRPUSDT",1.273372338E9,3.1351,1.6,,,true,"2025-07-30T16:52:21.457000Z"
"XRPUSDT",1.273372339E9,3.1351,2.0,,,true,"2025-07-30T16:52:21.457000Z"
"XRPUSDT",1.27337234E9,3.1351,2.0,,,true,"2025-07-30T16:52:21.457000Z"
"XRPUSDT",1.273372341E9,3.1351,2.0,,,true,"2025-07-30T16:52:21.457000Z"
"XRPUSDT",1.273372342E9,3.1351,1.7,,,true,"2025-07-30T16:52:21.457000Z"
"XRPUSDT",1.273372343E9,3.1351,2.0,,,true,"2025-07-30T16:52:21.457000Z"
"XRPUSDT",1.273372344E9,3.1351,6.9,,,false,"2025-07-30T16:52:21.820000Z"
"XRPUSDT",1.273372345E9,3.135,1.6,,,true,"2025-07-30T16:52:22.318000Z"
"XRPUSDT",1.273372346E9,3.135,2.0,,,true,"2025-07-30T16:52:22.318000Z"
"XRPUSDT",1.273372347E9,3.135,2.0,,,true,"2025-07-30T16:52:22.318000Z"
"XRPUSDT",1.273372348E9,3.135,2.0,,,true,"2025-07-30T16:52:22.318000Z"
"XRPUSDT",1.273372349E9,3.135,1.7,,,true,"2025-07-30T16:52:22.318000Z"
"XRPUSDT",1.27337235E9,3.135,2.0,,,true,"2025-07-30T16:52:22.318000Z"
"XRPUSDT",1.273372351E9,3.135,2.0,,,true,"2025-07-30T16:52:22.318000Z"
"XRPUSDT",1.273372352E9,3.135,2.0,,,true,"2025-07-30T16:52:22.318000Z"
"XRPUSDT",1.273372353E9,3.135,2.0,,,true,"2025-07-30T16:52:22.318000Z"
"XRPUSDT",1.273372354E9,3.1349,1.6,,,true,"2025-07-30T16:52:22.744000Z"
"XRPUSDT",1.273372355E9,3.1349,2.0,,,true,"2025-07-30T16:52:22.744000Z"
"XRPUSDT",1.273372356E9,3.1349,2.0,,,true,"2025-07-30T16:52:22.744000Z"
"XRPUSDT",1.273372357E9,3.1349,2.0,,,true,"2025-07-30T16:52:22.744000Z"
"XRPUSDT",1.273372358E9,3.1349,1.7,,,true,"2025-07-30T16:52:22.744000Z"
"XRPUSDT",1.273372359E9,3.1349,2.0,,,true,"2025-07-30T16:52:22.744000Z"
"XRPUSDT",1.27337236E9,3.1349,2.0,,,true,"2025-07-30T16:52:22.744000Z"
"XRPUSDT",1.273372361E9,3.1349,2.0,,,true,"2025-07-30T16:52:22.744000Z"
"XRPUSDT",1.273372362E9,3.1349,2.0,,,true,"2025-07-30T16:52:22.744000Z"
"XRPUSDT",1.273372363E9,3.1348,2.0,,,true,"2025-07-30T16:52:22.823000Z"
"XRPUSDT",1.273372364E9,3.1348,1.6,,,true,"2025-07-30T16:52:22.823000Z"
"XRPUSDT",1.273372365E9,3.1348,2.4,,,true,"2025-07-30T16:52:22.823000Z"
"XRPUSDT",1.273372366E9,3.1348,2.0,,,true,"2025-07-30T16:52:22.823000Z"
"XRPUSDT",1.273372367E9,3.1348,664.0,,,true,"2025-07-30T16:52:22.823000Z"
"XRPUSDT",1.273372368E9,3.1348,2597.4,,,true,"2025-07-30T16:52:22.837000Z"
"XRPUSDT",1.273372369E9,3.1348,2914.3,,,true,"2025-07-30T16:52:22.837000Z"
"XRPUSDT",1.27337237E9,3.1348,4724.9,,,true,"2025-07-30T16:52:22.837000Z"
"XRPUSDT",1.273372371E9,3.1348,11599.4,,,true,"2025-07-30T16:52:22.868000Z"
"XRPUSDT",1.273372372E9,3.1348,2.0,,,true,"2025-07-30T16:52:22.868000Z"
"XRPUSDT",1.273372373E9,3.1348,1.7,,,true,"2025-07-30T16:52:22.868000Z"
"XRPUSDT",1.273372374E9,3.1348,2.0,,,true,"2025-07-30T16:52:22.868000Z"
"XRPUSDT",1.273372375E9,3.1348,2.0,,,true,"2025-07-30T16:52:22.868000Z"
"XRPUSDT",1.273372376E9,3.1348,2.0,,,true,"2025-07-30T16:52:22.868000Z"
"XRPUSDT",1.273372377E9,3.1348,1.6,,,true,"2025-07-30T16:52:22.868000Z"
"XRPUSDT",1.273372378E9,3.1348,2.0,,,true,"2025-07-30T16:52:22.868000Z"
"XRPUSDT",1.273372379E9,3.1347,1.6,,,true,"2025-07-30T16:52:22.869000Z"
"XRPUSDT",1.27337238E9,3.1347,1.7,,,true,"2025-07-30T16:52:22.869000Z"
"XRPUSDT",1.273372381E9,3.1347,2.0,,,true,"2025-07-30T16:52:22.869000Z"
"XRPUSDT",1.273372382E9,3.1347,2.0,,,true,"2025-07-30T16:52:22.869000Z"
"XRPUSDT",1.273372383E9,3.1347,2.0,,,true,"2025-07-30T16:52:22.869000Z"
"XRPUSDT",1.273372384E9,3.1347,1.7,,,true,"2025-07-30T16:52:22.869000Z"
"XRPUSDT",1.273372385E9,3.1347,0.3,,,true,"2025-07-30T16:52:22.870000Z"
"XRPUSDT",1.273372386E9,3.1346,1.6,,,true,"2025-07-30T16:52:22.870000Z"
"XRPUSDT",1.273372387E9,3.1346,1.6,,,true,"2025-07-30T16:52:22.870000Z"
"XRPUSDT",1.273372388E9,3.1346,3.3,,,true,"2025-07-30T16:52:22.870000Z"
"XRPUSDT",1.273372389E9,3.1346,2.0,,,true,"2025-07-30T16:52:22.870000Z"
"XRPUSDT",1.27337239E9,3.1346,1.7,,,true,"2025-07-30T16:52:22.870000Z"
"XRPUSDT",1.273372391E9,3.1346,2.0,,,true,"2025-07-30T16:52:22.870000Z"
"XRPUSDT",1.273372392E9,3.1346,390.5,,,true,"2025-07-30T16:52:22.870000Z"
"XRPUSDT",1.273372393E9,3.1345,1.6,,,true,"2025-07-30T16:52:22.872000Z"
"XRPUSDT",1.273372394E9,3.1345,2.4,,,true,"2025-07-30T16:52:22.872000Z"
"XRPUSDT",1.273372395E9,3.1345,3.3,,,true,"2025-07-30T16:52:22.872000Z"
"XRPUSDT",1.273372396E9,3.1345,2.0,,,true,"2025-07-30T16:52:22.872000Z"
"XRPUSDT",1.273372397E9,3.1345,1.7,,,true,"2025-07-30T16:52:22.872000Z"
"XRPUSDT",1.273372398E9,3.1344,3.3,,,true,"2025-07-30T16:52:22.872000Z"
"XRPUSDT",1.273372399E9,3.1344,6495.5,,,true,"2025-07-30T16:52:22.872000Z"
"XRPUSDT",1.2733724E9,3.1344,1.6,,,true,"2025-07-30T16:52:22.872000Z"
"XRPUSDT",1.273372401E9,3.1344,2.0,,,true,"2025-07-30T16:52:22.872000Z"
"XRPUSDT",1.273372402E9,3.1344,1.7,,,true,"2025-07-30T16:52:22.872000Z"
"XRPUSDT",1.273372403E9,3.1343,3.3,,,true,"2025-07-30T16:52:22.937000Z"
"XRPUSDT",1.273372404E9,3.1343,1.6,,,true,"2025-07-30T16:52:22.937000Z"
"XRPUSDT",1.273372405E9,3.1343,1.7,,,true,"2025-07-30T16:52:22.937000Z"
"XRPUSDT",1.273372406E9,3.1343,2.0,,,true,"2025-07-30T16:52:22.937000Z"
"XRPUSDT",1.273372407E9,3.1343,2.0,,,true,"2025-07-30T16:52:22.937000Z"
"XRPUSDT",1.273372408E9,3.1343,2.0,,,true,"2025-07-30T16:52:22.937000Z"
"XRPUSDT",1.273372409E9,3.1343,2.0,,,true,"2025-07-30T16:52:22.937000Z"
"XRPUSDT",1.27337241E9,3.1343,19.5,,,true,"2025-07-30T16:52:22.937000Z"
"XRPUSDT",1.273372411E9,3.1343,23.4,,,true,"2025-07-30T16:52:22.937000Z"
"XRPUSDT",1.273372412E9,3.1343,19.5,,,true,"2025-07-30T16:52:22.937000Z"
"XRPUSDT",1.273372413E9,3.1343,499.0,,,true,"2025-07-30T16:52:22.937000Z"
"XRPUSDT",1.273372414E9,3.1343,2.0,,,true,"2025-07-30T16:52:23.118000Z"
"XRPUSDT",1.273372415E9,3.1343,1.6,,,true,"2025-07-30T16:52:23.118000Z"
"XRPUSDT",1.273372416E9,3.1343,2.0,,,true,"2025-07-30T16:52:23.118000Z"
"XRPUSDT",1.273372417E9,3.1343,2.0,,,true,"2025-07-30T16:52:23.118000Z"
"XRPUSDT",1.273372418E9,3.1343,2.0,,,true,"2025-07-30T16:52:23.118000Z"
"XRPUSDT",1.273372419E9,3.1343,1.7,,,true,"2025-07-30T16:52:23.118000Z"
"XRPUSDT",1.27337242E9,3.1342,14.6,,,true,"2025-07-30T16:52:23.118000Z"
"XRPUSDT",1.273372421E9,3.1342,1.7,,,true,"2025-07-30T16:52:23.118000Z"
"XRPUSDT",1.273372422E9,3.1342,5.0,,,true,"2025-07-30T16:52:23.118000Z"
"XRPUSDT",1.273372423E9,3.1342,1.6,,,true,"2025-07-30T16:52:23.118000Z"
"XRPUSDT",1.273372424E9,3.1342,1.7,,,true,"2025-07-30T16:52:23.118000Z"
"XRPUSDT",1.273372425E9,3.1342,2.0,,,true,"2025-07-30T16:52:23.118000Z"
"XRPUSDT",1.273372426E9,3.1342,2.0,,,true,"2025-07-30T16:52:23.118000Z"
"XRPUSDT",1.273372427E9,3.1342,1.7,,,true,"2025-07-30T16:52:23.118000Z"
"XRPUSDT",1.273372428E9,3.1342,2.0,,,true,"2025-07-30T16:52:23.118000Z"
"XRPUSDT",1.273372429E9,3.1341,3.3,,,true,"2025-07-30T16:52:23.870000Z"
"XRPUSDT",1.27337243E9,3.1341,1.6,,,true,"2025-07-30T16:52:23.870000Z"
"XRPUSDT",1.273372431E9,3.1341,1.7,,,true,"2025-07-30T16:52:23.870000Z"
"XRPUSDT",1.273372432E9,3.1341,2.0,,,true,"2025-07-30T16:52:23.870000Z"
"XRPUSDT",1.273372433E9,3.1341,2.0,,,true,"2025-07-30T16:52:23.870000Z"
"XRPUSDT",1.273372434E9,3.1341,2.0,,,true,"2025-07-30T16:52:23.870000Z"
"XRPUSDT",1.273372435E9,3.1341,2.0,,,true,"2025-07-30T16:52:23.870000Z"
"XRPUSDT",1.273372436E9,3.1341,3.0,,,true,"2025-07-30T16:52:23.870000Z"
"XRPUSDT",1.273372437E9,3.1341,2.0,,,true,"2025-07-30T16:52:23.870000Z"
"XRPUSDT",1.273372438E9,3.1341,1.8,,,false,"2025-07-30T16:52:24.321000Z"
"XRPUSDT",1.273372439E9,3.1341,50.0,,,false,"2025-07-30T16:52:24.772000Z"
"XRPUSDT",1.27337244E9,3.1341,1.5,,,false,"2025-07-30T16:52:24.808000Z"
"XRPUSDT",1.273372441E9,3.1341,10.6,,,false,"2025-07-30T16:52:24.871000Z"
"XRPUSDT",1.273372442E9,3.134,1.6,,,true,"2025-07-30T16:52:24.971000Z"
"XRPUSDT",1.273372443E9,3.134,1.4,,,true,"2025-07-30T16:52:24.971000Z"
"XRPUSDT",1.273372444E9,3.134,0.6,,,true,"2025-07-30T16:52:27.652000Z"
"XRPUSDT",1.273372445E9,3.134,2.0,,,true,"2025-07-30T16:52:27.652000Z"
"XRPUSDT",1.273372446E9,3.134,2.0,,,true,"2025-07-30T16:52:27.652000Z"
"XRPUSDT",1.273372447E9,3.134,1.7,,,true,"2025-07-30T16:52:27.652000Z"
"XRPUSDT",1.273372448E9,3.134,2.0,,,true,"2025-07-30T16:52:27.652000Z"
"XRPUSDT",1.273372449E9,3.134,2.0,,,true,"2025-07-30T16:52:27.652000Z"
"XRPUSDT",1.27337245E9,3.134,1.6,,,true,"2025-07-30T16:52:27.652000Z"
"XRPUSDT",1.273372451E9,3.134,444.0,,,true,"2025-07-30T16:52:27.652000Z"
"XRPUSDT",1.273372452E9,3.1341,1.6,,,false,"2025-07-30T16:52:27.998000Z"
"XRPUSDT",1.273372453E9,3.1341,2.0,,,false,"2025-07-30T16:52:27.998000Z"
"XRPUSDT",1.273372454E9,3.1341,28.3,,,false,"2025-07-30T16:52:27.998000Z"
"XRPUSDT",1.273372455E9,3.1341,25.5,,,false,"2025-07-30T16:52:27.998000Z"
"XRPUSDT",1.273372456E9,3.1341,25.5,,,false,"2025-07-30T16:52:27.998000Z"
"XRPUSDT",1.273372457E9,3.1341,31.9,,,false,"2025-07-30T16:52:27.998000Z"
"XRPUSDT",1.273372458E9,3.1341,4.0,,,false,"2025-07-30T16:52:27.999000Z"
"XRPUSDT",1.273372459E9,3.1341,2.0,,,false,"2025-07-30T16:52:27.999000Z"
"XRPUSDT",1.27337246E9,3.1341,2.0,,,false,"2025-07-30T16:52:27.999000Z"
"XRPUSDT",1.273372461E9,3.1341,2.0,,,false,"2025-07-30T16:52:27.999000Z"
"XRPUSDT",1.273372462E9,3.1341,21.9,,,false,"2025-07-30T16:52:27.999000Z"
"XRPUSDT",1.273372463E9,3.1341,25.5,,,false,"2025-07-30T16:52:27.999000Z"
"XRPUSDT",1.273372464E9,3.1341,47.9,,,false,"2025-07-30T16:52:27.999000Z"
"XRPUSDT",1.273372465E9,3.1341,47.9,,,false,"2025-07-30T16:52:27.999000Z"
"XRPUSDT",1.273372466E9,3.1341,47.9,,,false,"2025-07-30T16:52:28.000000Z"
"XRPUSDT",1.273372467E9,3.1341,468.1,,,false,"2025-07-30T16:52:28.686000Z"
"XRPUSDT",1.273372468E9,3.1341,1229.0,,,false,"2025-07-30T16:52:28.686000Z"
"XRPUSDT",1.273372469E9,3.1341,40.7,,,false,"2025-07-30T16:52:30.987000Z"
"XRPUSDT",1.27337247E9,3.1341,31.9,,,false,"2025-07-30T16:52:32.250000Z"
"XRPUSDT",1.273372471E9,3.134,2.0,,,true,"2025-07-30T16:52:33.056000Z"
"XRPUSDT",1.273372472E9,3.134,1.6,,,true,"2025-07-30T16:52:33.056000Z"
"XRPUSDT",1.273372473E9,3.134,2.0,,,true,"2025-07-30T16:52:33.056000Z"
"XRPUSDT",1.273372474E9,3.134,2.0,,,true,"2025-07-30T16:52:33.056000Z"
"XRPUSDT",1.273372475E9,3.134,2.0,,,true,"2025-07-30T16:52:33.056000Z"
"XRPUSDT",1.273372476E9,3.134,1.8,,,true,"2025-07-30T16:52:33.056000Z"
"XRPUSDT",1.273372477E9,3.134,1.7,,,true,"2025-07-30T16:52:33.056000Z"
"XRPUSDT",1.273372478E9,3.134,424.4,,,true,"2025-07-30T16:52:33.056000Z"
"XRPUSDT",1.273372479E9,3.134,1.6,,,true,"2025-07-30T16:52:33.638000Z"
"XRPUSDT",1.27337248E9,3.134,2.0,,,true,"2025-07-30T16:52:33.638000Z"
"XRPUSDT",1.273372481E9,3.134,2.0,,,true,"2025-07-30T16:52:33.638000Z"
"XRPUSDT",1.273372482E9,3.134,1.7,,,true,"2025-07-30T16:52:33.638000Z"
"XRPUSDT",1.273372483E9,3.134,2.0,,,true,"2025-07-30T16:52:33.638000Z"
"XRPUSDT",1.273372484E9,3.134,2.0,,,true,"2025-07-30T16:52:33.638000Z"
"XRPUSDT",1.273372485E9,3.134,2.0,,,true,"2025-07-30T16:52:33.638000Z"
"XRPUSDT",1.273372486E9,3.1339,1.6,,,true,"2025-07-30T16:52:33.639000Z"
"XRPUSDT",1.273372487E9,3.1339,2.4,,,true,"2025-07-30T16:52:33.639000Z"
"XRPUSDT",1.273372488E9,3.1339,1.6,,,true,"2025-07-30T16:52:33.639000Z"
"XRPUSDT",1.273372489E9,3.1339,2.0,,,true,"2025-07-30T16:52:33.639000Z"
"XRPUSDT",1.27337249E9,3.1339,2.0,,,true,"2025-07-30T16:52:33.639000Z"
"XRPUSDT",1.273372491E9,3.1339,2.0,,,true,"2025-07-30T16:52:33.639000Z"
"XRPUSDT",1.273372492E9,3.1339,1.7,,,true,"2025-07-30T16:52:33.639000Z"
"XRPUSDT",1.273372493E9,3.1339,2.0,,,true,"2025-07-30T16:52:33.639000Z"
"XRPUSDT",1.273372494E9,3.1339,2.0,,,true,"2025-07-30T16:52:33.639000Z"
"XRPUSDT",1.273372495E9,3.1338,1.6,,,true,"2025-07-30T16:52:33.845000Z"
"XRPUSDT",1.273372496E9,3.1338,2.0,,,true,"2025-07-30T16:52:33.845000Z"
"XRPUSDT",1.273372497E9,3.1338,2.0,,,true,"2025-07-30T16:52:33.845000Z"
"XRPUSDT",1.273372498E9,3.1338,2.0,,,true,"2025-07-30T16:52:33.845000Z"
"XRPUSDT",1.273372499E9,3.1338,20.3,,,true,"2025-07-30T16:52:33.845000Z"
"XRPUSDT",1.2733725E9,3.1339,63.8,,,false,"2025-07-30T16:52:34.100000Z"
"XRPUSDT",1.273372501E9,3.1338,27.0,,,true,"2025-07-30T16:52:34.626000Z"
"XRPUSDT",1.273372502E9,3.1339,10.0,,,false,"2025-07-30T16:52:34.837000Z"
"XRPUSDT",1.273372503E9,3.1338,12.0,,,true,"2025-07-30T16:52:35.531000Z"
"XRPUSDT",1.273372504E9,3.1339,1.7,,,false,"2025-07-30T16:52:36.562000Z"
"XRPUSDT",1.273372505E9,3.1339,1.6,,,false,"2025-07-30T16:52:36.562000Z"
"XRPUSDT",1.273372506E9,3.1339,2.0,,,false,"2025-07-30T16:52:36.562000Z"
"XRPUSDT",1.273372507E9,3.1339,2.0,,,false,"2025-07-30T16:52:36.562000Z"
"XRPUSDT",1.273372508E9,3.1339,2.0,,,false,"2025-07-30T16:52:36.562000Z"
"XRPUSDT",1.273372509E9,3.1339,2.0,,,false,"2025-07-30T16:52:36.562000Z"
"XRPUSDT",1.27337251E9,3.1339,20.6,,,false,"2025-07-30T16:52:36.562000Z"
"XRPUSDT",1.273372511E9,3.1339,31.9,,,false,"2025-07-30T16:52:36.562000Z"
"XRPUSDT",1.273372512E9,3.1339,47.9,,,false,"2025-07-30T16:52:36.562000Z"
"XRPUSDT",1.273372513E9,3.1339,14.8,,,false,"2025-07-30T16:52:36.562000Z"
"XRPUSDT",1.273372514E9,3.1339,33.1,,,false,"2025-07-30T16:52:36.562000Z"
"XRPUSDT",1.273372515E9,3.1339,31.9,,,false,"2025-07-30T16:52:36.562000Z"
"XRPUSDT",1.273372516E9,3.1339,47.9,,,false,"2025-07-30T16:52:36.562000Z"
"XRPUSDT",1.273372517E9,3.1339,31.9,,,false,"2025-07-30T16:52:36.562000Z"
"XRPUSDT",1.273372518E9,3.1339,25.5,,,false,"2025-07-30T16:52:36.562000Z"
"XRPUSDT",1.273372519E9,3.1339,31.9,,,false,"2025-07-30T16:52:36.562000Z"
"XRPUSDT",1.27337252E9,3.1339,31.9,,,false,"2025-07-30T16:52:36.562000Z"
"XRPUSDT",1.273372521E9,3.1339,31.9,,,false,"2025-07-30T16:52:36.562000Z"
"XRPUSDT",1.273372522E9,3.1339,25.5,,,false,"2025-07-30T16:52:36.562000Z"
"XRPUSDT",1.273372523E9,3.1339,31.9,,,false,"2025-07-30T16:52:36.562000Z"
"XRPUSDT",1.273372524E9,3.1339,31.9,,,false,"2025-07-30T16:52:36.562000Z"
"XRPUSDT",1.273372525E9,3.1339,31.9,,,false,"2025-07-30T16:52:36.562000Z"
"XRPUSDT",1.273372526E9,3.1339,25.5,,,false,"2025-07-30T16:52:36.562000Z"
"XRPUSDT",1.273372527E9,3.1339,31.9,,,false,"2025-07-30T16:52:36.562000Z"
"XRPUSDT",1.273372528E9,3.1339,31.9,,,false,"2025-07-30T16:52:36.562000Z"
"XRPUSDT",1.273372529E9,3.1339,31.9,,,false,"2025-07-30T16:52:36.562000Z"
"XRPUSDT",1.27337253E9,3.1339,31.9,,,false,"2025-07-30T16:52:36.562000Z"
"XRPUSDT",1.273372531E9,3.1339,31.9,,,false,"2025-07-30T16:52:36.563000Z"
"XRPUSDT",1.273372532E9,3.1339,31.9,,,false,"2025-07-30T16:52:36.565000Z"
"XRPUSDT",1.273372533E9,3.1339,2195.9,,,false,"2025-07-30T16:52:36.585000Z"
"XRPUSDT",1.273372534E9,3.1339,1.9,,,false,"2025-07-30T16:52:36.585000Z"
"XRPUSDT",1.273372535E9,3.1339,25.6,,,false,"2025-07-30T16:52:36.585000Z"
"XRPUSDT",1.273372536E9,3.1339,2.0,,,false,"2025-07-30T16:52:36.585000Z"
"XRPUSDT",1.273372537E9,3.1339,1.7,,,false,"2025-07-30T16:52:36.585000Z"
"XRPUSDT",1.273372538E9,3.1339,1.6,,,false,"2025-07-30T16:52:36.585000Z"
"XRPUSDT",1.273372539E9,3.1339,2.0,,,false,"2025-07-30T16:52:36.585000Z"
"XRPUSDT",1.27337254E9,3.1339,2.0,,,false,"2025-07-30T16:52:36.585000Z"
"XRPUSDT",1.273372541E9,3.1339,2.0,,,false,"2025-07-30T16:52:36.585000Z"
"XRPUSDT",1.273372542E9,3.134,217.3,,,false,"2025-07-30T16:52:36.588000Z"
"XRPUSDT",1.273372543E9,3.134,2.0,,,false,"2025-07-30T16:52:36.588000Z"
"XRPUSDT",1.273372544E9,3.134,2.0,,,false,"2025-07-30T16:52:36.588000Z"
"XRPUSDT",1.273372545E9,3.134,1.6,,,false,"2025-07-30T16:52:36.588000Z"
"XRPUSDT",1.273372546E9,3.134,2.0,,,false,"2025-07-30T16:52:36.588000Z"
"XRPUSDT",1.273372547E9,3.134,1.7,,,false,"2025-07-30T16:52:36.588000Z"
"XRPUSDT",1.273372548E9,3.134,91.5,,,false,"2025-07-30T16:52:36.588000Z"
"XRPUSDT",1.273372549E9,3.134,313.5,,,false,"2025-07-30T16:52:36.589000Z"
"XRPUSDT",1.27337255E9,3.134,2.0,,,false,"2025-07-30T16:52:36.589000Z"
"XRPUSDT",1.273372551E9,3.134,2.0,,,false,"2025-07-30T16:52:36.590000Z"
"XRPUSDT",1.273372552E9,3.134,2.0,,,false,"2025-07-30T16:52:36.590000Z"
"XRPUSDT",1.273372553E9,3.134,2.0,,,false,"2025-07-30T16:52:36.590000Z"
"XRPUSDT",1.273372554E9,3.134,1.6,,,false,"2025-07-30T16:52:36.590000Z"
"XRPUSDT",1.273372555E9,3.1341,200.0,,,false,"2025-07-30T16:52:36.592000Z"
"XRPUSDT",1.273372556E9,3.1341,300.0,,,false,"2025-07-30T16:52:36.622000Z"
"XRPUSDT",1.273372557E9,3.1341,1.6,,,false,"2025-07-30T16:52:36.622000Z"
"XRPUSDT",1.273372558E9,3.1341,2.0,,,false,"2025-07-30T16:52:36.622000Z"
"XRPUSDT",1.273372559E9,3.1341,7.8,,,false,"2025-07-30T16:52:36.622000Z"
"XRPUSDT",1.27337256E9,3.1341,2.0,,,false,"2025-07-30T16:52:36.622000Z"
"XRPUSDT",1.273372561E9,3.1341,1.7,,,false,"2025-07-30T16:52:36.622000Z"
"XRPUSDT",1.273372562E9,3.1341,2.0,,,false,"2025-07-30T16:52:36.622000Z"
"XRPUSDT",1.273372563E9,3.1341,2.0,,,false,"2025-07-30T16:52:36.622000Z"
"XRPUSDT",1.273372564E9,3.1341,2.0,,,false,"2025-07-30T16:52:36.622000Z"
"XRPUSDT",1.273372565E9,3.1341,3.5,,,false,"2025-07-30T16:52:36.622000Z"
"XRPUSDT",1.273372566E9,3.1341,2.0,,,false,"2025-07-30T16:52:36.622000Z"
"XRPUSDT",1.273372567E9,3.1342,1.6,,,false,"2025-07-30T16:52:36.627000Z"
"XRPUSDT",1.273372568E9,3.1342,2.0,,,false,"2025-07-30T16:52:36.627000Z"
"XRPUSDT",1.273372569E9,3.1342,2.0,,,false,"2025-07-30T16:52:36.627000Z"
"XRPUSDT",1.27337257E9,3.1342,2.0,,,false,"2025-07-30T16:52:36.627000Z"
"XRPUSDT",1.273372571E9,3.1342,3.3,,,false,"2025-07-30T16:52:36.627000Z"
"XRPUSDT",1.273372572E9,3.1342,1.7,,,false,"2025-07-30T16:52:36.627000Z"
"XRPUSDT",1.273372573E9,3.1342,2.0,,,false,"2025-07-30T16:52:36.627000Z"
"XRPUSDT",1.273372574E9,3.1342,2.0,,,false,"2025-07-30T16:52:36.627000Z"
"XRPUSDT",1.273372575E9,3.1342,2.0,,,false,"2025-07-30T16:52:36.627000Z"
"XRPUSDT",1.273372576E9,3.1342,2.0,,,false,"2025-07-30T16:52:36.627000Z"
"XRPUSDT",1.273372577E9,3.1343,1.6,,,false,"2025-07-30T16:52:36.640000Z"
"XRPUSDT",1.273372578E9,3.1343,2.0,,,false,"2025-07-30T16:52:36.640000Z"
"XRPUSDT",1.273372579E9,3.1343,2.0,,,false,"2025-07-30T16:52:36.640000Z"
"XRPUSDT",1.27337258E9,3.1343,3.3,,,false,"2025-07-30T16:52:36.640000Z"
"XRPUSDT",1.273372581E9,3.1343,2.0,,,false,"2025-07-30T16:52:36.640000Z"
"XRPUSDT",1.273372582E9,3.1343,1.7,,,false,"2025-07-30T16:52:36.640000Z"
"XRPUSDT",1.273372583E9,3.1343,2.0,,,false,"2025-07-30T16:52:36.640000Z"
"XRPUSDT",1.273372584E9,3.1343,2.0,,,false,"2025-07-30T16:52:36.640000Z"
"XRPUSDT",1.273372585E9,3.1343,2.0,,,false,"2025-07-30T16:52:36.640000Z"
"XRPUSDT",1.273372586E9,3.1343,2.0,,,false,"2025-07-30T16:52:36.640000Z"
"XRPUSDT",1.273372587E9,3.1344,1.6,,,false,"2025-07-30T16:52:36.642000Z"
"XRPUSDT",1.273372588E9,3.1344,3.3,,,false,"2025-07-30T16:52:36.642000Z"
"XRPUSDT",1.273372589E9,3.1344,9.5,,,false,"2025-07-30T16:52:36.642000Z"
"XRPUSDT",1.27337259E9,3.1344,1.8,,,false,"2025-07-30T16:52:36.642000Z"
"XRPUSDT",1.273372591E9,3.1344,2.0,,,false,"2025-07-30T16:52:36.642000Z"
"XRPUSDT",1.273372592E9,3.1344,2.0,,,false,"2025-07-30T16:52:36.642000Z"
"XRPUSDT",1.273372593E9,3.1344,2.0,,,false,"2025-07-30T16:52:36.642000Z"
"XRPUSDT",1.273372594E9,3.1345,1.6,,,false,"2025-07-30T16:52:36.645000Z"
"XRPUSDT",1.273372595E9,3.1345,3.3,,,false,"2025-07-30T16:52:36.645000Z"
"XRPUSDT",1.273372596E9,3.1345,1.7,,,false,"2025-07-30T16:52:36.645000Z"
"XRPUSDT",1.273372597E9,3.1345,2.0,,,false,"2025-07-30T16:52:36.645000Z"
"XRPUSDT",1.273372598E9,3.1345,2.0,,,false,"2025-07-30T16:52:36.645000Z"
"XRPUSDT",1.273372599E9,3.1345,2.0,,,false,"2025-07-30T16:52:36.645000Z"
"XRPUSDT",1.2733726E9,3.1345,2.0,,,false,"2025-07-30T16:52:36.645000Z"
"XRPUSDT",1.273372601E9,3.1345,2.0,,,false,"2025-07-30T16:52:36.645000Z"
"XRPUSDT",1.273372602E9,3.1346,1.6,,,false,"2025-07-30T16:52:36.661000Z"
"XRPUSDT",1.273372603E9,3.1346,1.6,,,false,"2025-07-30T16:52:36.661000Z"
"XRPUSDT",1.273372604E9,3.1346,3.3,,,false,"2025-07-30T16:52:36.661000Z"
"XRPUSDT",1.273372605E9,3.1346,1.8,,,false,"2025-07-30T16:52:36.661000Z"
"XRPUSDT",1.273372606E9,3.1346,0.1,,,false,"2025-07-30T16:52:36.661000Z"
"XRPUSDT",1.273372607E9,3.1346,1.6,,,false,"2025-07-30T16:52:36.661000Z"
"XRPUSDT",1.273372608E9,3.1346,2.0,,,false,"2025-07-30T16:52:36.661000Z"
"XRPUSDT",1.273372609E9,3.1346,2.0,,,false,"2025-07-30T16:52:36.661000Z"
"XRPUSDT",1.27337261E9,3.1346,2.0,,,false,"2025-07-30T16:52:36.661000Z"
"XRPUSDT",1.273372611E9,3.1346,0.8,,,false,"2025-07-30T16:52:36.661000Z"
"XRPUSDT",1.273372612E9,3.1346,1.2,,,false,"2025-07-30T16:52:36.661000Z"
"XRPUSDT",1.273372613E9,3.1346,7.2,,,false,"2025-07-30T16:52:36.661000Z"
"XRPUSDT",1.273372614E9,3.1346,8.4,,,false,"2025-07-30T16:52:36.661000Z"
"XRPUSDT",1.273372615E9,3.1346,8.4,,,false,"2025-07-30T16:52:36.662000Z"
"XRPUSDT",1.273372616E9,3.1346,8.4,,,false,"2025-07-30T16:52:36.662000Z"
"XRPUSDT",1.273372617E9,3.1346,8.4,,,false,"2025-07-30T16:52:36.662000Z"
"XRPUSDT",1.273372618E9,3.1346,8.4,,,false,"2025-07-30T16:52:36.662000Z"
"XRPUSDT",1.273372619E9,3.1346,8.4,,,false,"2025-07-30T16:52:36.662000Z"
"XRPUSDT",1.27337262E9,3.1346,8.4,,,false,"2025-07-30T16:52:36.662000Z"
"XRPUSDT",1.273372621E9,3.1346,8.4,,,false,"2025-07-30T16:52:36.662000Z"
"XRPUSDT",1.273372622E9,3.1346,8.4,,,false,"2025-07-30T16:52:36.662000Z"
"XRPUSDT",1.273372623E9,3.1346,8.4,,,false,"2025-07-30T16:52:36.662000Z"
"XRPUSDT",1.273372624E9,3.1346,8.4,,,false,"2025-07-30T16:52:36.662000Z"
"XRPUSDT",1.273372625E9,3.1346,8.4,,,false,"2025-07-30T16:52:36.662000Z"
"XRPUSDT",1.273372626E9,3.1346,8.4,,,false,"2025-07-30T16:52:36.662000Z"
"XRPUSDT",1.273372627E9,3.1346,8.4,,,false,"2025-07-30T16:52:36.662000Z"
"XRPUSDT",1.273372628E9,3.1346,8.4,,,false,"2025-07-30T16:52:36.662000Z"
"XRPUSDT",1.273372629E9,3.1346,8.4,,,false,"2025-07-30T16:52:36.662000Z"
"XRPUSDT",1.27337263E9,3.1346,8.4,,,false,"2025-07-30T16:52:36.662000Z"
"XRPUSDT",1.273372631E9,3.1346,8.4,,,false,"2025-07-30T16:52:36.662000Z"
"XRPUSDT",1.273372632E9,3.1346,8.4,,,false,"2025-07-30T16:52:36.662000Z"
"XRPUSDT",1.273372633E9,3.1346,8.4,,,false,"2025-07-30T16:52:36.662000Z"
"XRPUSDT",1.273372634E9,3.1346,8.4,,,false,"2025-07-30T16:52:36.662000Z"
"XRPUSDT",1.273372635E9,3.1346,8.4,,,false,"2025-07-30T16:52:36.662000Z"
"XRPUSDT",1.273372636E9,3.1346,8.4,,,false,"2025-07-30T16:52:36.662000Z"
"XRPUSDT",1.273372637E9,3.1346,8.4,,,false,"2025-07-30T16:52:36.662000Z"
"XRPUSDT",1.273372638E9,3.1346,8.4,,,false,"2025-07-30T16:52:36.662000Z"
"XRPUSDT",1.273372639E9,3.1346,8.4,,,false,"2025-07-30T16:52:36.662000Z"
"XRPUSDT",1.27337264E9,3.1346,8.4,,,false,"2025-07-30T16:52:36.663000Z"
"XRPUSDT",1.273372641E9,3.1346,2.0,,,false,"2025-07-30T16:52:36.700000Z"
"XRPUSDT",1.273372642E9,3.1346,1.6,,,false,"2025-07-30T16:52:36.700000Z"
"XRPUSDT",1.273372643E9,3.1346,1.7,,,false,"2025-07-30T16:52:36.700000Z"
"XRPUSDT",1.273372644E9,3.1346,2.0,,,false,"2025-07-30T16:52:36.700000Z"
"XRPUSDT",1.273372645E9,3.1346,2.0,,,false,"2025-07-30T16:52:36.700000Z"
"XRPUSDT",1.273372646E9,3.1346,2.0,,,false,"2025-07-30T16:52:36.700000Z"
"XRPUSDT",1.273372647E9,3.1347,9.5,,,false,"2025-07-30T16:52:36.718000Z"
"XRPUSDT",1.273372648E9,3.1347,1.6,,,false,"2025-07-30T16:52:36.718000Z"
"XRPUSDT",1.273372649E9,3.1347,1.7,,,false,"2025-07-30T16:52:36.718000Z"
"XRPUSDT",1.27337265E9,3.1347,2.0,,,false,"2025-07-30T16:52:36.718000Z"
"XRPUSDT",1.273372651E9,3.1347,2.0,,,false,"2025-07-30T16:52:36.718000Z"
"XRPUSDT",1.273372652E9,3.1347,2.0,,,false,"2025-07-30T16:52:36.718000Z"
"XRPUSDT",1.273372653E9,3.1347,2.0,,,false,"2025-07-30T16:52:36.718000Z"
"XRPUSDT",1.273372654E9,3.1347,2.0,,,false,"2025-07-30T16:52:36.718000Z"
"XRPUSDT",1.273372655E9,3.1348,3.3,,,false,"2025-07-30T16:52:36.718000Z"
"XRPUSDT",1.273372656E9,3.1348,1.8,,,false,"2025-07-30T16:52:36.718000Z"
"XRPUSDT",1.273372657E9,3.1348,1.6,,,false,"2025-07-30T16:52:36.718000Z"
"XRPUSDT",1.273372658E9,3.1348,1.7,,,false,"2025-07-30T16:52:36.718000Z"
"XRPUSDT",1.273372659E9,3.1348,2.0,,,false,"2025-07-30T16:52:36.718000Z"
"XRPUSDT",1.27337266E9,3.1348,1.7,,,false,"2025-07-30T16:52:36.718000Z"
"XRPUSDT",1.273372661E9,3.1348,2.0,,,false,"2025-07-30T16:52:36.718000Z"
"XRPUSDT",1.273372662E9,3.1348,2.0,,,false,"2025-07-30T16:52:36.718000Z"
"XRPUSDT",1.273372663E9,3.1349,3.3,,,false,"2025-07-30T16:52:37.318000Z"
"XRPUSDT",1.273372664E9,3.1349,1.7,,,false,"2025-07-30T16:52:37.318000Z"
"XRPUSDT",1.273372665E9,3.1349,1.6,,,false,"2025-07-30T16:52:37.318000Z"
"XRPUSDT",1.273372666E9,3.1349,2.0,,,false,"2025-07-30T16:52:37.318000Z"
"XRPUSDT",1.273372667E9,3.1349,2.0,,,false,"2025-07-30T16:52:37.318000Z"
"XRPUSDT",1.273372668E9,3.1349,2.0,,,false,"2025-07-30T16:52:37.318000Z"
"XRPUSDT",1.273372669E9,3.1349,2.0,,,false,"2025-07-30T16:52:37.318000Z"
"XRPUSDT",1.27337267E9,3.1349,1454.0,,,false,"2025-07-30T16:52:37.318000Z"
"XRPUSDT",1.273372671E9,3.1349,13.2,,,false,"2025-07-30T16:52:37.318000Z"
"XRPUSDT",1.273372672E9,3.1349,2.0,,,false,"2025-07-30T16:52:37.319000Z"
"XRPUSDT",1.273372673E9,3.1349,1.6,,,false,"2025-07-30T16:52:37.319000Z"
"XRPUSDT",1.273372674E9,3.135,1.8,,,false,"2025-07-30T16:52:37.320000Z"
"XRPUSDT",1.273372675E9,3.135,9.5,,,false,"2025-07-30T16:52:37.320000Z"
"XRPUSDT",1.273372676E9,3.135,1.6,,,false,"2025-07-30T16:52:37.320000Z"
"XRPUSDT",1.273372677E9,3.135,1.7,,,false,"2025-07-30T16:52:37.320000Z"
"XRPUSDT",1.273372678E9,3.135,2.0,,,false,"2025-07-30T16:52:37.320000Z"
"XRPUSDT",1.273372679E9,3.135,2.0,,,false,"2025-07-30T16:52:37.320000Z"
"XRPUSDT",1.27337268E9,3.135,2.0,,,false,"2025-07-30T16:52:37.320000Z"
"XRPUSDT",1.273372681E9,3.1351,3.3,,,false,"2025-07-30T16:52:37.320000Z"
"XRPUSDT",1.273372682E9,3.1351,1.7,,,false,"2025-07-30T16:52:37.320000Z"
"XRPUSDT",1.273372683E9,3.1351,1.6,,,false,"2025-07-30T16:52:37.320000Z"
"XRPUSDT",1.273372684E9,3.1351,2.0,,,false,"2025-07-30T16:52:37.320000Z"
"XRPUSDT",1.273372685E9,3.1352,3.3,,,false,"2025-07-30T16:52:37.330000Z"
"XRPUSDT",1.273372686E9,3.1352,1.8,,,false,"2025-07-30T16:52:37.330000Z"
"XRPUSDT",1.273372687E9,3.1352,1.6,,,false,"2025-07-30T16:52:37.330000Z"
"XRPUSDT",1.273372688E9,3.1352,1.7,,,false,"2025-07-30T16:52:37.330000Z"
"XRPUSDT",1.273372689E9,3.1352,2.0,,,false,"2025-07-30T16:52:37.330000Z"
"XRPUSDT",1.27337269E9,3.1352,2.0,,,false,"2025-07-30T16:52:37.330000Z"
"XRPUSDT",1.273372691E9,3.1352,2.0,,,false,"2025-07-30T16:52:37.330000Z"
"XRPUSDT",1.273372692E9,3.1352,2.0,,,false,"2025-07-30T16:52:37.330000Z"
"XRPUSDT",1.273372693E9,3.1352,2.0,,,false,"2025-07-30T16:52:37.330000Z"
"XRPUSDT",1.273372694E9,3.1353,9.5,,,false,"2025-07-30T16:52:37.330000Z"
"XRPUSDT",1.273372695E9,3.1353,1.6,,,false,"2025-07-30T16:52:37.330000Z"
"XRPUSDT",1.273372696E9,3.1353,2.4,,,false,"2025-07-30T16:52:37.330000Z"
"XRPUSDT",1.273372697E9,3.1353,0.9,,,false,"2025-07-30T16:52:37.330000Z"
"XRPUSDT",1.273372698E9,3.1353,1.6,,,false,"2025-07-30T16:52:37.330000Z"
"XRPUSDT",1.273372699E9,3.1353,1.7,,,false,"2025-07-30T16:52:37.330000Z"
"XRPUSDT",1.2733727E9,3.1353,2.0,,,false,"2025-07-30T16:52:37.330000Z"
"XRPUSDT",1.273372701E9,3.1353,25.7,,,false,"2025-07-30T16:52:37.330000Z"
"XRPUSDT",1.273372702E9,3.1353,31.9,,,false,"2025-07-30T16:52:37.330000Z"
"XRPUSDT",1.273372703E9,3.1353,31.9,,,false,"2025-07-30T16:52:37.330000Z"
"XRPUSDT",1.273372704E9,3.1353,47.9,,,false,"2025-07-30T16:52:37.330000Z"
"XRPUSDT",1.273372705E9,3.1353,63.8,,,false,"2025-07-30T16:52:37.330000Z"
"XRPUSDT",1.273372706E9,3.1353,31.9,,,false,"2025-07-30T16:52:37.330000Z"
"XRPUSDT",1.273372707E9,3.1353,47.9,,,false,"2025-07-30T16:52:37.330000Z"
"XRPUSDT",1.273372708E9,3.1353,31.9,,,false,"2025-07-30T16:52:37.330000Z"
"XRPUSDT",1.273372709E9,3.1353,31.9,,,false,"2025-07-30T16:52:37.330000Z"
"XRPUSDT",1.27337271E9,3.1353,63.8,,,false,"2025-07-30T16:52:37.330000Z"
"XRPUSDT",1.273372711E9,3.1353,31.9,,,false,"2025-07-30T16:52:37.330000Z"
"XRPUSDT",1.273372712E9,3.1353,31.9,,,false,"2025-07-30T16:52:37.330000Z"
"XRPUSDT",1.273372713E9,3.1353,5.0,,,false,"2025-07-30T16:52:37.330000Z"
"XRPUSDT",1.273372714E9,3.1353,2.0,,,false,"2025-07-30T16:52:37.330000Z"
"XRPUSDT",1.273372715E9,3.1353,2.0,,,false,"2025-07-30T16:52:37.330000Z"
"XRPUSDT",1.273372716E9,3.1353,2.0,,,false,"2025-07-30T16:52:37.330000Z"
"XRPUSDT",1.273372717E9,3.1354,1.7,,,false,"2025-07-30T16:52:37.330000Z"
"XRPUSDT",1.273372718E9,3.1354,3.3,,,false,"2025-07-30T16:52:37.330000Z"
"XRPUSDT",1.273372719E9,3.1354,2.4,,,false,"2025-07-30T16:52:37.330000Z"
"XRPUSDT",1.27337272E9,3.1354,1.8,,,false,"2025-07-30T16:52:37.330000Z"
"XRPUSDT",1.273372721E9,3.1354,1.6,,,false,"2025-07-30T16:52:37.330000Z"
"XRPUSDT",1.273372722E9,3.1354,1.7,,,false,"2025-07-30T16:52:37.330000Z"
"XRPUSDT",1.273372723E9,3.1354,8.4,,,false,"2025-07-30T16:52:37.330000Z"
"XRPUSDT",1.273372724E9,3.1354,31.9,,,false,"2025-07-30T16:52:37.330000Z"
"XRPUSDT",1.273372725E9,3.1354,31.9,,,false,"2025-07-30T16:52:37.330000Z"
"XRPUSDT",1.273372726E9,3.1354,25.5,,,false,"2025-07-30T16:52:37.330000Z"
"XRPUSDT",1.273372727E9,3.1354,47.9,,,false,"2025-07-30T16:52:37.330000Z"
"XRPUSDT",1.273372728E9,3.1354,31.9,,,false,"2025-07-30T16:52:37.330000Z"
"XRPUSDT",1.273372729E9,3.1354,63.8,,,false,"2025-07-30T16:52:37.330000Z"
"XRPUSDT",1.27337273E9,3.1354,63.8,,,false,"2025-07-30T16:52:37.330000Z"
"XRPUSDT",1.273372731E9,3.1354,25.5,,,false,"2025-07-30T16:52:37.330000Z"
"XRPUSDT",1.273372732E9,3.1354,25.5,,,false,"2025-07-30T16:52:37.330000Z"
"XRPUSDT",1.273372733E9,3.1354,31.9,,,false,"2025-07-30T16:52:37.330000Z"
"XRPUSDT",1.273372734E9,3.1354,31.9,,,false,"2025-07-30T16:52:37.330000Z"
"XRPUSDT",1.273372735E9,3.1354,63.8,,,false,"2025-07-30T16:52:37.330000Z"
"XRPUSDT",1.273372736E9,3.1354,31.9,,,false,"2025-07-30T16:52:37.330000Z"
"XRPUSDT",1.273372737E9,3.1354,31.9,,,false,"2025-07-30T16:52:37.330000Z"
"XRPUSDT",1.273372738E9,3.1354,31.9,,,false,"2025-07-30T16:52:37.330000Z"
"XRPUSDT",1.273372739E9,3.1354,31.9,,,false,"2025-07-30T16:52:37.331000Z"
"XRPUSDT",1.27337274E9,3.1354,2.0,,,false,"2025-07-30T16:52:37.419000Z"
"XRPUSDT",1.273372741E9,3.1354,1.7,,,false,"2025-07-30T16:52:37.419000Z"
"XRPUSDT",1.273372742E9,3.1354,2.0,,,false,"2025-07-30T16:52:37.419000Z"
"XRPUSDT",1.273372743E9,3.1354,2.0,,,false,"2025-07-30T16:52:37.419000Z"
"XRPUSDT",1.273372744E9,3.1354,2.0,,,false,"2025-07-30T16:52:37.419000Z"
"XRPUSDT",1.273372745E9,3.1354,1.6,,,false,"2025-07-30T16:52:37.419000Z"
"XRPUSDT",1.273372746E9,3.1354,2.0,,,false,"2025-07-30T16:52:37.419000Z"
"XRPUSDT",1.273372747E9,3.1355,1.6,,,false,"2025-07-30T16:52:40.291000Z"
"XRPUSDT",1.273372748E9,3.1355,0.6,,,false,"2025-07-30T16:52:40.291000Z"
"XRPUSDT",1.273372749E9,3.1354,2.0,,,true,"2025-07-30T16:52:40.788000Z"
"XRPUSDT",1.27337275E9,3.1354,1.6,,,true,"2025-07-30T16:52:40.788000Z"
"XRPUSDT",1.273372751E9,3.1354,2.0,,,true,"2025-07-30T16:52:40.788000Z"
"XRPUSDT",1.273372752E9,3.1354,2.0,,,true,"2025-07-30T16:52:40.788000Z"
"XRPUSDT",1.273372753E9,3.1354,2.0,,,true,"2025-07-30T16:52:40.788000Z"
"XRPUSDT",1.273372754E9,3.1354,154.7,,,true,"2025-07-30T16:52:40.788000Z"
"XRPUSDT",1.273372755E9,3.1354,1.7,,,true,"2025-07-30T16:52:40.788000Z"
"XRPUSDT",1.273372756E9,3.1354,15.4,,,true,"2025-07-30T16:52:40.788000Z"
"XRPUSDT",1.273372757E9,3.1354,9.0,,,true,"2025-07-30T16:52:40.788000Z"
"XRPUSDT",1.273372758E9,3.1354,2.0,,,true,"2025-07-30T16:52:40.789000Z"
"XRPUSDT",1.273372759E9,3.1354,1.6,,,true,"2025-07-30T16:52:40.789000Z"
"XRPUSDT",1.27337276E9,3.1353,1.6,,,true,"2025-07-30T16:52:40.790000Z"
"XRPUSDT",1.273372761E9,3.1353,2.0,,,true,"2025-07-30T16:52:40.790000Z"
"XRPUSDT",1.273372762E9,3.1353,2.0,,,true,"2025-07-30T16:52:40.790000Z"
"XRPUSDT",1.273372763E9,3.1353,2.0,,,true,"2025-07-30T16:52:40.790000Z"
"XRPUSDT",1.273372764E9,3.1353,1.6,,,true,"2025-07-30T16:52:40.790000Z"
"XRPUSDT",1.273372765E9,3.1353,1.7,,,true,"2025-07-30T16:52:40.790000Z"
"XRPUSDT",1.273372766E9,3.1353,2.0,,,true,"2025-07-30T16:52:40.790000Z"
"XRPUSDT",1.273372767E9,3.1353,2.0,,,true,"2025-07-30T16:52:40.790000Z"
"XRPUSDT",1.273372768E9,3.1352,1.6,,,true,"2025-07-30T16:52:40.790000Z"
"XRPUSDT",1.273372769E9,3.1352,2.0,,,true,"2025-07-30T16:52:40.790000Z"
"XRPUSDT",1.27337277E9,3.1352,2.0,,,true,"2025-07-30T16:52:40.790000Z"
"XRPUSDT",1.273372771E9,3.1352,2.0,,,true,"2025-07-30T16:52:40.790000Z"
"XRPUSDT",1.273372772E9,3.1352,1.7,,,true,"2025-07-30T16:52:40.790000Z"
"XRPUSDT",1.273372773E9,3.1351,1.6,,,true,"2025-07-30T16:52:40.894000Z"
"XRPUSDT",1.273372774E9,3.1351,2.0,,,true,"2025-07-30T16:52:40.894000Z"
"XRPUSDT",1.273372775E9,3.1351,2.4,,,true,"2025-07-30T16:52:40.894000Z"
"XRPUSDT",1.273372776E9,3.1351,3.3,,,true,"2025-07-30T16:52:40.894000Z"
"XRPUSDT",1.273372777E9,3.1351,2.0,,,true,"2025-07-30T16:52:40.894000Z"
"XRPUSDT",1.273372778E9,3.1351,2.0,,,true,"2025-07-30T16:52:40.894000Z"
"XRPUSDT",1.273372779E9,3.1351,1.7,,,true,"2025-07-30T16:52:40.894000Z"
"XRPUSDT",1.27337278E9,3.1351,2.0,,,true,"2025-07-30T16:52:40.894000Z"
"XRPUSDT",1.273372781E9,3.1351,2.0,,,true,"2025-07-30T16:52:40.894000Z"
"XRPUSDT",1.273372782E9,3.1351,2.0,,,true,"2025-07-30T16:52:40.894000Z"
"XRPUSDT",1.273372783E9,3.1351,2.0,,,true,"2025-07-30T16:52:40.894000Z"
"XRPUSDT",1.273372784E9,3.135,1.6,,,true,"2025-07-30T16:52:40.894000Z"
"XRPUSDT",1.273372785E9,3.135,3.3,,,true,"2025-07-30T16:52:40.894000Z"
"XRPUSDT",1.273372786E9,3.135,2.0,,,true,"2025-07-30T16:52:40.894000Z"
"XRPUSDT",1.273372787E9,3.135,2.0,,,true,"2025-07-30T16:52:40.894000Z"
"XRPUSDT",1.273372788E9,3.135,2.0,,,true,"2025-07-30T16:52:40.894000Z"
"XRPUSDT",1.273372789E9,3.135,1.7,,,true,"2025-07-30T16:52:40.894000Z"
"XRPUSDT",1.27337279E9,3.135,1.7,,,true,"2025-07-30T16:52:40.894000Z"
"XRPUSDT",1.273372791E9,3.135,2.0,,,true,"2025-07-30T16:52:40.894000Z"
"XRPUSDT",1.273372792E9,3.135,1.7,,,true,"2025-07-30T16:52:40.894000Z"
"XRPUSDT",1.273372793E9,3.135,2.0,,,true,"2025-07-30T16:52:40.894000Z"
"XRPUSDT",1.273372794E9,3.1349,1.6,,,true,"2025-07-30T16:52:40.894000Z"
"XRPUSDT",1.273372795E9,3.1349,3.3,,,true,"2025-07-30T16:52:40.894000Z"
"XRPUSDT",1.273372796E9,3.1349,1.7,,,true,"2025-07-30T16:52:40.894000Z"
"XRPUSDT",1.273372797E9,3.1349,2.0,,,true,"2025-07-30T16:52:40.894000Z"
"XRPUSDT",1.273372798E9,3.1349,44.0,,,true,"2025-07-30T16:52:40.894000Z"
"XRPUSDT",1.273372799E9,3.135,8.0,,,false,"2025-07-30T16:52:40.971000Z"
"XRPUSDT",1.2733728E9,3.1349,1.7,,,true,"2025-07-30T16:52:41.108000Z"
"XRPUSDT",1.273372801E9,3.1349,2.0,,,true,"2025-07-30T16:52:41.108000Z"
"XRPUSDT",1.273372802E9,3.1349,2.0,,,true,"2025-07-30T16:52:41.108000Z"
"XRPUSDT",1.273372803E9,3.1349,2.0,,,true,"2025-07-30T16:52:41.108000Z"
"XRPUSDT",1.273372804E9,3.1349,1.6,,,true,"2025-07-30T16:52:41.108000Z"
"XRPUSDT",1.273372805E9,3.1349,2.0,,,true,"2025-07-30T16:52:41.108000Z"
"XRPUSDT",1.273372806E9,3.1349,19.5,,,true,"2025-07-30T16:52:41.108000Z"
"XRPUSDT",1.273372807E9,3.1349,20.3,,,true,"2025-07-30T16:52:41.108000Z"
"XRPUSDT",1.273372808E9,3.1349,21.7,,,true,"2025-07-30T16:52:41.108000Z"
"XRPUSDT",1.273372809E9,3.1349,2.0,,,true,"2025-07-30T16:52:41.108000Z"
"XRPUSDT",1.27337281E9,3.1348,1.6,,,true,"2025-07-30T16:52:41.114000Z"
"XRPUSDT",1.273372811E9,3.1348,2.4,,,true,"2025-07-30T16:52:41.114000Z"
"XRPUSDT",1.273372812E9,3.1348,3.3,,,true,"2025-07-30T16:52:41.114000Z"
"XRPUSDT",1.273372813E9,3.1348,2.0,,,true,"2025-07-30T16:52:41.114000Z"
"XRPUSDT",1.273372814E9,3.1348,2.0,,,true,"2025-07-30T16:52:41.114000Z"
"XRPUSDT",1.273372815E9,3.1348,2.0,,,true,"2025-07-30T16:52:41.114000Z"
"XRPUSDT",1.273372816E9,3.1348,2.0,,,true,"2025-07-30T16:52:41.114000Z"
"XRPUSDT",1.273372817E9,3.1348,2.0,,,true,"2025-07-30T16:52:41.114000Z"
"XRPUSDT",1.273372818E9,3.1347,1.6,,,true,"2025-07-30T16:52:41.118000Z"
"XRPUSDT",1.273372819E9,3.1347,3.3,,,true,"2025-07-30T16:52:41.118000Z"
"XRPUSDT",1.27337282E9,3.1347,1.7,,,true,"2025-07-30T16:52:41.118000Z"
"XRPUSDT",1.273372821E9,3.1347,2.0,,,true,"2025-07-30T16:52:41.118000Z"
"XRPUSDT",1.273372822E9,3.1347,2.0,,,true,"2025-07-30T16:52:41.118000Z"
"XRPUSDT",1.273372823E9,3.1347,2.0,,,true,"2025-07-30T16:52:41.118000Z"
"XRPUSDT",1.273372824E9,3.1347,2.0,,,true,"2025-07-30T16:52:41.118000Z"
"XRPUSDT",1.273372825E9,3.1347,2.0,,,true,"2025-07-30T16:52:41.118000Z"
"XRPUSDT",1.273372826E9,3.1346,1.6,,,true,"2025-07-30T16:52:41.586000Z"
"XRPUSDT",1.273372827E9,3.1346,3.3,,,true,"2025-07-30T16:52:41.586000Z"
"XRPUSDT",1.273372828E9,3.1346,1.7,,,true,"2025-07-30T16:52:41.586000Z"
"XRPUSDT",1.273372829E9,3.1346,1.6,,,true,"2025-07-30T16:52:41.586000Z"
"XRPUSDT",1.27337283E9,3.1346,2.0,,,true,"2025-07-30T16:52:41.586000Z"
"XRPUSDT",1.273372831E9,3.1346,2.0,,,true,"2025-07-30T16:52:41.586000Z"
"XRPUSDT",1.273372832E9,3.1346,2.0,,,true,"2025-07-30T16:52:41.586000Z"
"XRPUSDT",1.273372833E9,3.1346,2.0,,,true,"2025-07-30T16:52:41.586000Z"
"XRPUSDT",1.273372834E9,3.1346,2.0,,,true,"2025-07-30T16:52:41.586000Z"
"XRPUSDT",1.273372835E9,3.1345,2.4,,,true,"2025-07-30T16:52:43.848000Z"
"XRPUSDT",1.273372836E9,3.1345,1.7,,,true,"2025-07-30T16:52:43.848000Z"
"XRPUSDT",1.273372837E9,3.1345,1.6,,,true,"2025-07-30T16:52:43.848000Z"
"XRPUSDT",1.273372838E9,3.1345,2.0,,,true,"2025-07-30T16:52:43.848000Z"
"XRPUSDT",1.273372839E9,3.1345,2.0,,,true,"2025-07-30T16:52:43.848000Z"
"XRPUSDT",1.27337284E9,3.1345,84.9,,,true,"2025-07-30T16:52:43.848000Z"
"XRPUSDT",1.273372841E9,3.1345,426.0,,,true,"2025-07-30T16:52:44.012000Z"
"XRPUSDT",1.273372842E9,3.1345,51.4,,,true,"2025-07-30T16:52:44.132000Z"
"XRPUSDT",1.273372843E9,3.1345,2.0,,,true,"2025-07-30T16:52:44.132000Z"
"XRPUSDT",1.273372844E9,3.1345,2.0,,,true,"2025-07-30T16:52:44.132000Z"
"XRPUSDT",1.273372845E9,3.1345,4177.8,,,true,"2025-07-30T16:52:44.132000Z"
"XRPUSDT",1.273372846E9,3.1345,23.4,,,true,"2025-07-30T16:52:44.132000Z"
"XRPUSDT",1.273372847E9,3.1345,18.7,,,true,"2025-07-30T16:52:44.132000Z"
"XRPUSDT",1.273372848E9,3.1345,18.5,,,true,"2025-07-30T16:52:44.132000Z"
"XRPUSDT",1.273372849E9,3.1345,23.4,,,true,"2025-07-30T16:52:44.132000Z"
"XRPUSDT",1.27337285E9,3.1345,23.4,,,true,"2025-07-30T16:52:44.132000Z"
"XRPUSDT",1.273372851E9,3.1345,1448.7,,,true,"2025-07-30T16:52:44.132000Z"
"XRPUSDT",1.273372852E9,3.1346,49.6,,,false,"2025-07-30T16:52:44.168000Z"
